1914 3094
738 243 789 271 DE
819 241 957 271 ILIADE
986 241 1136 270 LATINA
1543 241 1664 267 xxxvn

210 338 308 367 men
336 324 524 374 laboret,
550 322 749 377 jejunum
778 322 820 362 et
846 320 954 362 exile
989 319 1163 374 saepius
1194 318 1469 372 languescat,
1503 319 1661 374 ineptis

209 395 425 438 interdum
475 391 706 441 redundet,
754 391 860 432 nihil
905 389 1186 444 ingenuitatis
1233 388 1511 440 Homericae,
1557 390 1660 431 nihil

210 464 432 509 Homerici
455 462 681 517 sanguinis
703 461 904 512 retineat,
924 473 1065 515 neque
1088 460 1237 502 decem
1260 472 1311 500 ex
1332 459 1484 501 ordine
1508 460 1664 501 habeat

209 549 362 579 versus
403 534 553 589 quales
594 546 616 575 e
653 531 712 575 M.
754 531 893 574 Tullio
929 544 1061 586 supra
1101 529 1260 572 laudati
1296 532 1413 582 sunt,
1444 529 1533 584 jam
1574 530 1663 571 sere

210 607 470 651 adducimus
498 609 545 647 ut
566 617 675 659 opus
701 604 934 646 reiciamus
959 603 1106 645 sterile
1135 606 1395 657 poetamque
1416 601 1662 656 imperitum

210 682 556 722 contemnamus
598 674 686 717 Sed
728 673 969 716 cavendum
1003 677 1069 715 est
1105 685 1158 715 ne
1191 672 1362 727 longius
1394 685 1522 727 quam
1557 673 1665 715 ratio

211 748 414 805 postulat,
440 745 575 787 nimia
601 744 855 787 morositate
889 743 1216 799 digrediamur:
1246 743 1384 785 nostri
1417 743 1532 785 enim
1564 743 1664 785 vitia

208 817 489 861 excusatione
521 814 708 867 consilii,
741 814 855 870 quod
885 813 967 856 sibi
1006 814 1078 856 ille
1109 812 1393 869 proponebat,
1430 813 1664 855 defendere

207 890 322 932 licet.

266 958 439 1002 Scimus
476 956 667 1000 Graecos
704 969 790 999 non
829 957 974 998 minus
1014 956 1058 998 in
1098 956 1280 998 coloniis
1321 968 1450 1011 quam
1490 955 1534 997 in
1571 955 1663 1011 ipsa

206 1030 346 1086 patria
383 1027 651 1072 carminibus
685 1028 934 1070 Homericis
969 1027 1109 1083 primo
1138 1027 1228 1082 J‘am
1264 1039 1436 1082 quoque
1472 1030 1663 1082 tempore

206 1113 384 1156 operam
419 1112 574 1142 navam
611 1099 800 1142 dedisse.
833 1098 882 1141 Id
918 1111 1047 1154 quam
1081 1110 1231 1140 verum
1268 1098 1339 1151 sit,
1364 1110 1415 1140 ex
1443 1098 1527 1140 hoc
1560 1098 1665 1140 satis

205 1171 446 1228 perspicies
476 1171 590 1226 quod
626 1170 851 1223 Zenodoti,
881 1169 1205 1225 Aristophanis,
1230 1168 1474 1211 Aristarchi
1509 1169 1665 1211 studiis

204 1243 416 1285 vetustior
438 1242 519 1283 suit
546 1241 832 1284 Massiliotica
855 1254 966 1296 quae
988 1240 1147 1282 dicitur
1174 1240 1304 1282 editio
1331 1240 1359 1282 ¹.
1383 1239 1528 1294 Atque
1556 1240 1665 1282 adeo

205 1312 378 1365 Graeci,
415 1313 487 1368 qui
523 1313 651 1355 sedes
691 1312 735 1354 in
768 1312 894 1354 Italia
933 1312 1140 1354 inferiore
1178 1311 1409 1364 habebant,
1442 1311 1663 1354 Romanos

205 1385 401 1440 aliasque
430 1383 607 1426 Italicas
635 1386 785 1438 gentes
815 1396 838 1425 a
866 1383 1080 1438 principio
1109 1382 1278 1424 fabulas
1310 1382 1555 1424 homericas
1586 1382 1663 1424 do-

205 1458 405 1498 cuerunt.
440 1454 594 1509 Neque
626 1454 756 1508 hujus
787 1453 850 1496 rei
884 1456 1052 1496 tantum
1088 1465 1111 1494 a
1139 1452 1251 1495 bello
1278 1452 1437 1507 punico
1468 1453 1662 1495 secundo

204 1525 476 1581 Livianaque
510 1528 603 1567 orta
640 1523 838 1580 Odyssea
876 1524 1047 1566 initium
1088 1524 1326 1566 notandum
1364 1528 1449 1575 est3
1488 1523 1658 1578 jandiu,

205 1597 448 1640 secundum
486 1596 589 1638 litus
630 1594 893 1650 Campaniae
933 1597 974 1637 et
1009 1593 1123 1636 Latii
1169 1597 1211 1636 et
1251 1593 1470 1647 Etruriae,
1510 1594 1658 1646 urbes,

202 1668 388 1720 insulae,
429 1666 726 1721 promontoria
767 1666 820 1707 ab
859 1666 1040 1707 heroum
1081 1665 1366 1719 Trojanorum
1409 1665 1660 1707 nominibus

202 1737 381 1780 nomina
423 1740 645 1779 traxerant
682 1735 713 1778 ².
751 1734 838 1778 Sed
877 1735 948 1777 hic
989 1735 1042 1776 ab
1082 1748 1130 1776 ea
1166 1735 1340 1776 demum
1375 1738 1538 1787 aetate,
1576 1748 1658 1790 qua

201 1807 389 1850 Romani
411 1806 615 1849 humanis
635 1805 800 1848 artibus
820 1818 915 1848 sese
935 1805 1211 1858 dediderunt,
1236 1805 1407 1847 initium
1429 1806 1656 1848 ducamus,

260 1878 370 1921 Tum
405 1890 524 1931 vero,
557 1890 656 1919 eum
689 1876 902 1932 magistri,
933 1889 956 1919 e
987 1876 1144 1931 Magna
1173 1874 1356 1918 Graecia
1388 1876 1485 1928 orti,
1517 1877 1658 1919 studia

202 1948 438 1991 Homerica
472 1948 656 1990 Romam
692 1947 842 2002 primis
876 1947 938 1989 rei
972 1947 1172 2002 publicae
1206 1946 1474 2001 temporibus
1507 1947 1661 1990 intule-

201 2020 314 2073 rint,
348 2022 514 2062 certum
551 2023 618 2061 est
655 2018 839 2061 Iliadem
875 2021 917 2061 et
950 2017 1194 2072 Odyssean]
1226 2018 1269 2060 in
1303 2018 1463 2060 scholis
1497 2019 1658 2073 praele-

201 2092 293 2133 ctas
324 2102 422 2132 esse
450 2089 617 2145 pueris,
645 2101 726 2132 nee
759 2088 938 2132 dubium
970 2088 1141 2130 videtur
1172 2088 1275 2143 quin
1304 2088 1433 2143 hujus
1461 2089 1659 2131 lectionis

200 2161 535 2204 fundamentum
565 2162 708 2203 textus
742 2173 925 2215 graecus
959 2159 1104 2202 suerit.
1138 2159 1237 2202 Non
1271 2159 1414 2202 obstat
1449 2160 1563 2215 quod
1601 2160 1659 2203 ait

199 2231 410 2274 Horatius
438 2231 481 2273 in
517 2230 698 2273 secundi
731 2230 829 2273 libri
863 2230 1050 2286 epistula
1082 2229 1236 2285 prima,
1268 2242 1308 2271 v.
1345 2232 1416 2282 69,
1443 2242 1489 2272 se
1517 2228 1658 2285 Odys-

200 2314 321 2344 seam
352 2290 588 2344 'Livianam
629 2301 861 2355 adjuvante
909 2298 1064 2342 Orbilii
1108 2299 1245 2341 serula
1285 2299 1507 2342 didicisse.
1546 2300 1658 2343 Nam

199 2372 431 2416 Horatium
456 2372 623 2427 graecis
646 2372 802 2414 litteris
825 2385 849 2414 a
870 2383 1005 2427 puero
1027 2370 1242 2413 imbutum
1263 2382 1360 2412 esse
1382 2383 1509 2413 nemo
1531 2383 1661 2426 nega-

242 2486 270 2516 1.
293 2483 347 2515 CK*
364 2484 451 2514 Fun).
474 2485 548 2515 Aue.
577 2483 684 2519 Worr,
707 2481 889 2523 Proleqom.
921 2481 960 2513 ad
986 2481 1125 2518 Homer„
1148 2480 1224 2513 edit.
1247 2489 1308 2512 sec.
1331 2489 1399 2511 eum
1427 2480 1509 2512 notis
1535 2481 1659 2514 ineditis

200 2533 334 2565 Imman.
360 2530 501 2569 Bekkeri,
523 2529 637 2569 Berol.‚
661 2530 753 2568 1876,
775 2539 806 2570 p.
832 2531 901 2561 ΜΠ.

240 2581 271 2611 2.
302 2579 407 2618 Nuper
434 2578 542 2609 doctus
568 2578 626 2615 vir,
653 2578 680 2609 J.
708 2579 746 2609 A.
775 2578 868 2616 Hm),
895 2577 926 2608 in
953 2576 1070 2615 libello,
1100 2576 1182 2616 quod
1209 2575 1253 2607 La
1280 2575 1403 2616 leyemle
1428 2569 1541 2608 d'E‘nc‘e
1568 2579 1662 2608 avant

205 2625 322 2667 Virqile
349 2624 538 2664 inscribitur,
572 2633 637 2656 rem
666 2624 850 2666 diSputavit,
885 2633 916 2665 p.
944 2625 1003 2663 55;
1029 2641 1068 2646 —
1098 2622 1146 2654 Cf.
1174 2623 1386 2662 ScnwELGE1³‚
1413 2623 1503 2655 Rem.
1538 2624 1661 2661 Gesclz.,

200 2682 232 2714 p.
254 2673 311 2703 310
333 2681 421 2711 sqq.;
444 2681 475 2712 p.
498 2672 569 2703 325.
