1914 3094
825 786 994 843 XXII

188 1001 307 1045 Unus
331 1004 417 1044 tota
445 1002 562 1044 salus
583 1001 627 1043 in
649 1014 733 1057 quo
754 1001 938 1056 TroJana
960 1001 1164 1043 manebat

182 1076 345 1119 Hector
366 1076 503 1130 adest,
529 1090 656 1132 quem
680 1089 766 1119 non
788 1077 922 1119 durae
949 1077 1076 1119 timor
1098 1077 1287 1131 undique
1310 1077 1460 1118 mortis

179 1153 271 1196 Nec
292 1154 456 1208 patriae
484 1156 661 1196 tenuere
682 1167 850 1210 preces,
876 1154 976 1209 quin
1000 1154 1152 1196 obvius
1173 1154 1255 1196 iret

182 1231 235 1273 Et
257 1234 406 1274 contra
427 1244 632 1287 magnum
654 1232 783 1274 vellet
805 1232 1068 1274 contendere
1088 1231 1320 1274 Achillem.

182 1308 323 1361 Quem
351 1309 500 1363 procul
522 1312 568 1351 ut
587 1309 696 1351 vidit
717 1312 877 1351 tectum
902 1308 1165 1351 caelestibus
1188 1308 1337 1358 armi&
1551 1309 1634 1350 935

181 1384 453 1427 Praemetuit
474 1385 720 1441 clausisque
743 1385 850 1440 fugit
877 1398 954 1426 sua
978 1385 1147 1427 moenia
1171 1384 1334 1426 circum

181 1460 337 1504 Infelix
359 1462 516 1517 portis;
542 1462 739 1517 sequitur
758 1461 945 1504 Nereius
968 1462 1112 1504 heros.

180 1536 229 1579 In
254 1539 418 1580 somnis
442 1538 588 1589 voluti,
613 1551 709 1580 cum
734 1541 909 1593 pectora
932 1539 1086 1581 terruit
1106 1538 1185 1591 ira,

180 1614 265 1657 IIic
287 1628 415 1657 cursu
441 1628 572 1670 super
592 1615 852 1670 insequitur,
878 1616 1026 1670 sugere
1048 1615 1117 1656 ille
1139 1615 1325 1668 videtur,
1553 1617 1637 1660 940

285 1804 382 1843 Ante
403 1803 530 1843 oculos
551 1803 676 1843 subito
695 1803 771 1842 visa
792 1808 846 1843 est
865 1803 1031 1842 Tritonia
1053 1802 1175 1842 Pallas
1455 1802 1531 1842 936

367 1890 403 1911 ex
425 1891 452 1911 r.
477 1882 546 1911 947
568 1880 789 1921 inlerpolulum
809 1880 962 1920 ejecerunt
982 1881 1092 1919 Barth,
1116 1881 1242 1919 Isoolen,
1264 1881 1430 1929 [Baehrens.

180 2062 363 2100 Codices
382 2083 428 2088 —
450 2064 527 2098 Lib.
544 2065 621 2098 XXI
645 2065 676 2097 E
695 2065 722 2098 L
742 2066 806 2098 XX
828 2065 856 2097 F
877 2065 977 2098 omis.
999 2066 1117 2099 mma
1137 2064 1153 2103 ΙΙ
1175 2064 1237 2098 931
1263 2069 1356 2098 tanta
1380 2066 1424 2098 E.
1444 2068 1459 2108 ΙΙ
1482 2064 1550 2098 932
1572 2074 1635 2099 nec

273 2118 305 2151 V
328 2118 338 2156 fij
364 2118 444 2151 duri
474 2118 504 2151 G
533 2118 664 2151 durum
688 2118 717 2151 F
739 2122 750 2162 Η
776 2120 901 2151 mortis
924 2119 938 2151 1
963 2120 1087 2151 martis
1116 2119 1148 2151 G
1177 2120 1301 2152 matris
1329 2119 1436 2151 ceteri
1460 2117 1495 2163 (o
1521 2128 1634 2162 supra

269 2180 288 2204 a
310 2169 383 2205 ΜΞ
403 2169 449 2216 Ε)
474 2176 475 2191 ¹
504 2171 552 2204 Ηί
574 2171 644 2205 (luo
662 2181 786 2205 versus
807 2172 861 2205 ‘ild
883 2172 1052 2215 leqzmlur
1072 2172 1110 2204 rin
1131 2172 1156 2204 S
1178 2174 1188 2206 ζ
1211 2172 1342 2205 Ilector
1362 2172 1462 2205 adest
1484 2181 1578 2205 unus
1601 2173 1632 2204 in

270 2234 341 2268 quo
374 2227 512 2258 troiana
538 2225 706 2258 manebat
734 2229 743 2260 {³
768 2226 853 2259 Tota
882 2226 980 2258 salus
1009 2226 1122 2268 Quem
1149 2235 1217 2258 non
1241 2225 1310 2259 diri
1342 2227 1448 2258 timor
1475 2225 1636 2268 undique

271 2279 410 2311 martis.
428 2277 525 2319 11933
541 2281 651 2320 patris
636 2279 705 2313 S.
721 2280 737 2320 ΙΙ
752 2279 969 2312 contendere
986 2279 1093 2312 uellet
1108 2288 1226 2312 omnes
1240 2279 1256 2319 ΙΙ
1273 2278 1339 2311 937
1354 2281 1408 2312 ml
1427 2279 1592 2322 lmnwy.
1604 2279 1634 2312 F

278 2332 499 2372 Permetuit
514 2331 545 2364 F
557 2332 585 2364 L
596 2332 624 2364 l
636 2332 667 2365 V
676 2332 738 2365 Al
756 2333 943 2365 Pertimuit
965 2332 1089 2366 GHN
1112 2331 1161 2377 (Υ
1175 2330 1251 2377 S?).
1269 2330 1285 2370 ΙΙ
1301 2331 1369 2365 938
1387 2341 1512 2366 erasus
1531 2333 1567 2366 ln
1588 2332 1633 2365 G.

274 2390 290 2430 Η
312 2384 381 2419 940
400 2386 456 2419 Sic
477 2386 506 2418 L
528 2384 539 2423 ἰ
565 2384 689 2430 cursu]
711 2395 839 2420 rursus
856 2386 899 2420 F.

216 2500 281 2532 Lib.
303 2501 367 2532 XXI
389 2501 531 2541 Mueller,
552 2502 719 2534 Baehrens,

216 2549 274 2578 934
294 2548 388 2580 vellet
409 2550 596 2581 contendere
617 2551 730 2591 scripsi
746 2551 785 2591 cf.
806 2552 882 2590 :3273
902 2552 1087 2583 contendere
1110 2551 1203 2583 vellet
1224 2551 1326 2592 rulyo.

215 2597 272 2626 937
295 2597 487 2628 Praemetuit
511 2598 641 2629 Mueller
657 2598 805 2638 conjecil;
826 2600 939 2639 recepit
962 2600 1129 2630 Baehrens.

215 2643 274 2674 939
290 2645 411 2683 pectora
434 2644 539 2675 terruit
561 2645 619 2685 ira]
640 2654 694 2685 pes
713 2646 850 2677 tardatur
872 2646 951 2678 ituro
970 2646 1018 2677 rel
1039 2655 1093 2686 pes
1121 2647 1290 2678 frustratur
1308 2646 1422 2678 iturum
1445 2646 1539 2679 Eldilc
1562 2654 1631 2686 pec-

175 2692 239 2722 tore
255 2691 372 2723 ferbuit
392 2691 436 2723 ira
458 2692 589 2724 Mueller
606 2695 730 2733 pectora
751 2695 842 2725 terret
862 2694 963 2733 imago
978 2694 1144 2725 Baehrens.
