1914 3094
671 233 821 263 ITALICI
853 231 962 260 ILIAS
992 230 1144 259 LATINA

180 316 394 359 Nobilitas
418 315 583 357 formae
607 326 615 355 :
642 313 750 355 duro
772 309 892 354 Mars
919 309 1054 351 milite
1079 308 1251 363 gaudet.

182 393 295 436 Dum
322 393 471 446 jaceas
500 390 542 432 in
564 400 713 431 amore
740 393 831 440 tuo,
856 398 936 429 nos
958 385 1069 427 bella
1099 396 1300 439 geremus

180 468 358 512 Scilicet
380 470 421 509 et
444 468 640 509 nostrum
662 463 897 506 fundemus
921 462 962 504 in
987 462 1111 503 hoste
1131 471 1330 503 cruorem
1350 460 1358 501 1

180 545 376 600 Aequius
399 542 594 585 adversis
622 543 765 582 tecum
786 542 1016 582 concurrat
1038 537 1080 579 in
1103 536 1236 579 armis

182 620 374 676 Impiger
393 619 570 661 Atrides
594 631 602 660 :
628 618 793 672 spectet
814 614 1103 669 Danaumque
1131 613 1441 668 Plu-yguinque

181 696 406 753 Depositis
435 695 618 751 populus
641 693 756 745 telis,
781 705 858 735 vos
881 691 1056 734 foedere
1080 691 1231 745 jtincto

180 773 402 816 Adversas
431 770 624 814 conserte
646 781 820 819 mamm,
849 767 1071 810 decernite
1094 767 1225 808 ferro.
1247 782 1266 803 »

180 849 298 892 Dixit
319 862 326 899 ;
353 860 482 904 quem
505 849 655 889 contra
675 844 826 901 paucis
848 843 1098 887 Priameius
1120 843 1250 885 heros

184 943 202 964 «
228 925 342 978 Quid
366 924 495 966 nimis
518 922 708 977 indignis
739 936 759 961 >³
785 921 926 977 inquit
950 937 969 959 «
991 933 1060 963 me
1081 919 1261 962 vocibus
1284 930 1459 973 urgues,

181 1001 216 1046 O
238 1001 422 1057 patriae,
453 1012 678 1056 germane,
708 998 871 1040 decus?
891 1009 991 1039 nam
1016 1009 1097 1038 nec
1118 995 1223 1037 mihi
1252 995 1441 1050 conjunx

180 1078 414 1132 Pravaque
442 1075 611 1119 luxuria
640 1077 706 1117 est
726 1074 868 1130 potior
887 1073 1060 1115 virtutis
1082 1072 1269 1123 honore;

179 1154 273 1197 Nec
297 1154 412 1196 vires
434 1156 648 1208 temptare
668 1151 749 1193 viri
773 1151 1056 1205 dextramque
1078 1161 1251 1201 recuso,

180 1231 432 1275 Dummodo
453 1230 662 1273 victorem
686 1229 875 1283 conjunx
896 1240 993 1270 cum
1017 1239 1124 1283 pace
1147 1228 1370 1282 sequatur.
1401 1242 1418 1263 n

178 1307 303 1351 Dicta
328 1308 462 1350 refert
482 1306 669 1357 Hector;
696 1305 858 1361 placuit
879 1303 1096 1346 sententia
1118 1302 1262 1345 Grais.

179 1385 388 1428 Protinus
411 1384 577 1426 accitur
597 1382 821 1435 Priamus,
853 1381 1079 1435 sacrisque
1102 1379 1290 1436 peractis

179 1460 371 1505 Foedera
392 1461 656 1515 junguntur3
682 1460 779 1514 post
801 1458 910 1500 haee
931 1457 1105 1500 deeedit
1128 1458 1308 1512 uterque

178 1538 400 1594 Depositis
424 1537 607 1593 populus
630 1535 743 1587 telis,
769 1547 1037 1589 campusque
1066 1533 1268 1590 patescit.

180 1615 351 1658 Interea
375 1617 463 1657 toto
485 1613 680 1669 procedit
703 1611 755 1654 ab
771 1611 943 1667 agmine
965 1611 1125 1653 Troum

179 1692 369 1736 Pulcher
388 1690 655 1742 Alexander,
679 1688 918 1744 eliipeoque
941 1688 1125 1743 insignis
1142 1690 1184 1730 et
1198 1686 1338 1729 hasta.

1553 382 1634 421 265

1554 764 1639 805 270

1554 1149 1638 1189 275

1554 1535 1640 1575 280

178 1948 246 1983 265
266 1958 438 1991 geramus
464 1949 499 1983 A
515 1949 544 1983 1.
575 1951 591 1991 ΙΙ
618 1948 686 1982 266
722 1948 916 1982 fundemus
938 1949 984 1989 R,
1008 1945 1282 1981 Buehrensicnzz'.
1309 1947 1326 1987 ΙΙ
1354 1946 1422 1980 267
1448 1954 1635 1982 concurret

273 2003 303 2036 B
318 2002 485 2042 1141969
511 2000 651 2046 Juncto]
680 2003 820 2035 uinctos
842 2002 888 2035 R.
914 1999 931 2040 ΙΙ
955 2000 1025 2034 270
1046 2000 1198 2034 Aduersi
1221 2000 1251 2034 F
1269 2002 1280 2043 {i
1303 2001 1385 2034 Post
1404 2010 1437 2035 υ.
1459 2000 1528 2034 270
1549 2001 1636 2044 Quis

274 2060 436 2089 uestrum
459 2056 589 2089 melius
611 2057 658 2088 sit
673 2058 769 2088 tanta
788 2056 943 2096 coniuge
961 2054 1094 2096 dignus
1111 2063 1227 2096 marq.
1245 2054 1394 2097 aserim.
1418 2054 1448 2087 L
1462 2054 1497 2088 A
1511 2056 1543 2088 et
1563 2054 1636 2089 alia

271 2117 381 2142 manu
402 2118 419 2142 e
435 2111 504 2143 vet.
524 2107 601 2142 cod.
615 2109 648 2142 R
666 2108 830 2142 Vestram
855 2117 949 2141 nune
971 2108 1111 2141 elenam
1131 2110 1251 2140 sumat
1265 2108 1347 2150 quis
1370 2109 1502 2141 rectius
1522 2109 1637 2150 ipsam

273 2161 304 2195 E
325 2172 359 2195 on
379 2162 412 2196 2.
439 2160 455 2201 ΙΙ
481 2162 550 2195 274
574 2162 761 2204 Paruaque
785 2170 904 2195 omnes
925 2162 1056 2205 (Pari-
1078 2169 1194 2203 uaque
1215 2160 1273 2203 B).
1299 2158 1315 2198 ΙΙ
1334 2159 1402 2193 276
1423 2159 1520 2205 cum]
1543 2163 1576 2194 in
1598 2162 1636 2195 S.

277 2214 294 2253 ΙΙ
321 2214 389 2247 279
425 2216 652 2256 coniungunt
679 2214 704 2247 S
737 2216 749 2257 Η
789 2215 856 2247 hoe
891 2213 971 2248 LY
1006 2212 1017 2251 l!
1051 2211 1241 2247 descendit
1276 2213 1304 2246 L
1320 2213 1348 2246 1³
1364 2213 1447 2247 VY
1486 2213 1640 2248 discedit

271 2268 359 2302 MN
375 2269 404 2302 B
425 2267 615 2302 deseendit
639 2268 679 2302 in
705 2267 860 2302 discedit
881 2276 915 2300 m
936 2266 951 2300 '1
977 2275 1069 2301 corr.
1093 2266 1139 2300 E.
1165 2264 1182 2305 ΙΙ
1203 2265 1269 2299 281
1299 2264 1358 2310 ab]
1386 2268 1419 2299 in
1447 2266 1496 2301 A.

220 2423 279 2453 266
301 2426 333 2454 nt
353 2441 391 2446 —
412 2423 581 2455 fundamus
599 2424 672 2455 edit.
692 2425 787 2455 veter.

221 2469 278 2500 267
300 2472 461 2501 concurret
481 2471 645 2502 Baehrens.

220 2516 278 2547 270
299 2519 330 2548 et
348 2517 464 2548 cernite
486 2518 577 2559 Hiqt.

221 2563 279 2593 2722
305 2564 465 2605 Pravaque
494 2564 659 2604 Schrader,
689 2564 809 2597 Ix'ooeen
839 2564 872 2596 in
901 2566 963 2595 not.
997 2565 1159 2603 Pronaque
1184 2562 1278 2604 vulqo
1307 2562 1461 2604 Privaque
1493 2563 1640 2601 ll'altlcc'r,

183 2609 348 2642 Baehrens.

223 2657 282 2688 279
302 2658 421 2691 decedit
442 2659 606 2691 Brantsma
625 2659 679 2699 (cs.
705 2659 782 2691 Aen.
805 2660 839 2697 V,
863 2659 944 2694 551).
