1914 3094
683 286 733 315 DE
762 283 900 314 ILIADE
929 281 1080 311 LATINA
1511 275 1609 304 xxvn

156 370 401 422 conveniat,
433 379 512 422 ego
543 377 641 408 eum
670 363 915 413 XValtherQ
945 360 1017 415 qui
1050 359 1158 401 haec
1190 357 1387 399 Tulliana
1416 355 1609 397 laborem

158 441 368 498 puerilem
403 447 558 492 sapere
591 433 825 485 existimat,
856 443 942 473 non
974 429 1133 472 aeriter
1167 426 1452 477 contendam;
1484 425 1610 480 paulo

159 516 303 554 tamen
332 507 540 558 severior,
565 517 634 547 me
652 503 816 558 judice,
842 501 885 543 in
908 500 968 543 M.
993 499 1183 542 Tullium
1211 508 1368 539 censor
1395 502 1461 538 est
1492 494 1613 538 XVal-

161 583 278 633 ther3
304 591 402 621 nam
424 575 603 619 minime
624 572 886 629 injucundos
909 571 1016 613 tales
1038 581 1191 611 versus
1213 567 1352 609 habeo
1378 580 1385 608 :

320 707 351 747 Ο
373 705 487 745 decus
508 702 741 754 Argolicum,
762 700 855 752 quin
876 698 1037 752 puppim
1060 696 1191 743 flectis,
1214 694 1358 742 Ulixes,

319 764 486 805 Auribus
507 767 549 801 ut
566 766 711 801 nostros
732 759 852 812 possis
872 769 1075 810 agnoscere
1097 755 1249 795 cantus!

316 825 413 863 Nam
430 834 542 861 nemo
561 822 651 860 haec
672 831 854 870 umquam
876 822 930 856 est
953 818 1187 855 transvectus
1206 811 1355 851 caerula
1376 823 1491 850 eursu

320 882 422 930 Quin
442 881 548 934 prius
569 878 727 918 astiterit
748 889 881 917 vocum
900 874 1099 915 dulcedine
1119 876 1270 925 captus3

318 942 422 990 Post,
444 939 557 979 variis
577 937 685 977 avido
704 936 861 977 satiatus
882 939 1031 987 pectore
1052 932 1185 979 Musis,

320 999 472 1039 Doctior
493 998 538 1037 ad
555 997 694 1050 patrias
716 996 845 1047 lapsus
868 991 1081 1047 pervenerit
1102 1003 1200 1030 oras.

321 1059 398 1098 Nos
417 1070 528 1109 grave
546 1061 737 1096 certamen
758 1053 847 1093 belli
867 1052 1089 1104 clademque
1110 1055 1282 1089 tenemus

323 1116 479 1157 Graecia
499 1128 612 1167 quam
633 1114 766 1166 Trojae
786 1111 911 1151 divino
933 1111 1090 1149 numine
1111 1108 1212 1147 vexit

323 1174 539 1226 Omniaque
559 1186 580 1213 e
600 1172 685 1212 latis
704 1183 832 1212 rerum
854 1168 1009 1220 vestigia
1031 1166 1155 1207 terris.

223 1313 290 1359 Cf.
313 1326 412 1357 cum
434 1312 587 1365 Hom,
613 1310 791 1366 Odyss.,
815 1308 921 1362 XII,
952 1307 1140 1353 1811-191
1169 1319 1177 1348 ε

324 1442 435 1496 Δεῧρ’
455 1441 522 1495 ἄγ’
543 1441 617 1491 ἰὼν,
638 1439 803 1480 πολύαιν’
830 1439 992 1486 Ὀδυσεῦ,
1019 1438 1111 1490 μέγα
1131 1438 1232 1480 κῦδος
1261 1434 1432 1487 Ἀχαιῶν,

325 1505 389 1548 νῆα
409 1502 641 1549 κατάστησον,
663 1499 721 1538 ἵνα
740 1497 905 1551 νωῖτέρην
925 1495 989 1536 ὄπ’
1013 1496 1179 1549 ἀκούσῃς.

326 1563 378 1600 Οὐ
402 1560 467 1613 γάρ
486 1559 541 1599 πώ
558 1576 608 1603 τις
626 1561 707 1612 τῇδε
726 1558 908 1611 παρήλασε
925 1554 980 1605 νηὶ·
1000 1555 1162 1609 μελαίνῃ,

329 1619 408 1672 πρίν
428 1618 472 1672 γ’
491 1618 610 1670 ἡμέων
631 1617 816 1670 μελίγηρυν
837 1616 905 1655 ἀπὸ
924 1616 1109 1667 στομάτων
1126 1612 1191 1652 ὄπ’
1210 1616 1371 1659 ἀκοῦσαι,

327 1676 415 1716 ἀλλ’
435 1678 496 1730 ὅγε
512 1677 723 1731 τερψάμενος
743 1679 853 1715 νεῖται
874 1674 932 1713 καὶ
948 1673 1089 1713 πλείονα
1110 1671 1224 1716 εἰδώς.

328 1735 453 1787 Ἴδμεν
469 1736 536 1789 γάρ
557 1751 610 1774 τοι
625 1733 746 1783 πάνθ’,
768 1732 878 1773 ὅσ’ἐνὶ
898 1732 1008 1786 Τροίῃ
1029 1732 1141 1785 εὐρείῃ

336 1795 348 1809 2
447 1799 464 1807 Ν
517 1797 524 1807 V
540 1796 549 1807 Ἰ
575 1797 596 1804 Ν
610 1793 619 1807 Ι
757 1796 778 1803 Ν
845 1791 852 1804 Ι
991 1791 998 1803 Ι

349 1799 496 1849 Αργειοι
524 1797 637 1848 Ιρωες
657 1810 695 1832 τε
715 1797 801 1832 θεων
821 1795 930 1838 ἷοτητι
954 1805 1125 1842 μογησαν·

325 1855 425 1907 ἴδμεν
446 1853 497 1902 δ’,
516 1854 606 1893 ὅσσα
627 1852 768 1905 γένητάι
792 1851 847 1890 ἐπὶ
867 1850 966 1904 χθονὶ
985 1847 1253 1902 πουλυῧοτείρῃ.

228 1990 366 2034 Vides
405 2001 586 2045 graecos
627 1992 723 2031 octo
755 2000 911 2030 versus
945 1986 1125 2029 totidem
1158 1982 1304 2026 latinis
1335 1980 1475 2033 reddi,
1511 1981 1553 2021 at
1584 1977 1627 2019 in

171 2060 472 2105 Ciceronianis
500 2060 655 2102 deesse
688 2059 1001 2115 ingenuitatem
1029 2059 1070 2099 et
1096 2054 1381 2098 Homericum
1410 2051 1622 2099 colorem3

171 2145 257 2175 non
287 2143 552 2186 magnopere
580 2143 737 2173 sensus
766 2129 926 2185 pre1ni3
952 2127 1085 2170 verba
1124 2125 1340 2182 quaedam
1380 2119 1626 2178 gratissima

171 2215 269 2246 esse
291 2202 504 2257 neglecta,
529 2201 613 2243 alia
640 2213 794 2256 parum
828 2202 946 2255 grata
979 2198 1124 2241 addita
1162 2210 1171 2239 :
1200 2194 1301 2246 νηῦς
1329 2191 1505 2253 μέλαινα.
1533 2203 1628 2233 eva-

171 2273 289 2325 nuit;
315 2272 506 2315 dulcedo
535 2284 695 2314 coeam
723 2283 808 2313 non
842 2273 930 2312 tam
961 2269 1087 2311 dulce
1115 2270 1242 2310 sonat
1274 2277 1403 2321 quam
1433 2258 1483 2320 ἒξ)
1514 2258 1628 2321 μελί-

169 2356 320 2402 γηρυςς
346 2343 548 2385 iteratum
570 2342 623 2384 al)
646 2341 839 2384 Homero
865 2337 981 2398 ἴδμεν
1004 2338 1156 2382 Cicero
1178 2350 1263 2379 non
1286 2335 1473 2378 iteravit.
1497 2333 1626 2375 Haud

171 2414 374 2469 equidem
412 2412 574 2455 infitior
603 2425 613 2455 :
644 2415 836 2455 attamen
863 2410 984 2453 latini
1018 2421 1172 2451 versus
1202 2407 1461 2450 suavitatem
1494 2417 1630 2460 quan-

170 2485 269 2527 dam
309 2484 454 2536 olent,
492 2496 634 2538 neque
674 2482 779 2524 mihi
819 2481 1088 2536 ineleganter
1121 2477 1271 2533 scripti
1305 2489 1386 2518 nec
1416 2475 1624 2526 doctiore⁷

170 2567 298 2610 quam
326 2551 534 2610 umquam
564 2554 730 2597 Tullius
765 2553 860 2604 fuit,
893 2556 1020 2607 poeta
1047 2550 1212 2605 indigni
1240 2548 1462 2599 videntum
1495 2550 1627 2600 tuque

169 2625 326 2680 injuria
348 2625 520 2667 mireris
548 2624 731 2679 vestigia
758 2623 866 2666 tanti
894 2621 1017 2664 ducis
1041 2624 1214 2676 poetam
1235 2618 1500 2662 mediocrem
1522 2629 1625 2659 non-

170 2696 253 2738 nisi
277 2696 404 2751 longo
426 2695 653 2738 intervallo
682 2698 879 2738 secutum
902 2705 1017 2736 esse.
