1914 3094
713 256 764 286 DE
793 257 931 286 ILIADE
959 257 1108 286 LATINA
1540 264 1635 290 XXXV

248 335 401 379 Vidisti
425 335 529 377 satis
557 334 714 390 quibus
736 334 920 377 ducibus
941 334 986 376 in
1006 347 1135 377 versu
1161 338 1202 378 et
1223 336 1469 381 elocutione
1491 345 1640 384 noster

184 419 229 448 se
257 406 456 461 gesserit,
483 417 666 461 quorum
695 404 739 446 in
770 404 903 447 verba
920 405 1153 458 juraverit3
1178 419 1296 449 nune
1317 407 1550 452 dicendum
1575 416 1642 454 est

183 488 267 531 qua
300 475 466 517 ratione
498 478 803 529 argumentum
836 474 987 516 Iliadis
1020 479 1277 530 persecutus
1314 477 1389 530 sit,
1425 492 1534 533 quas
1567 494 1638 523 res

183 545 451 602 explicuerit,
476 557 584 601 quas
606 549 679 587 aut
698 545 769 587 vix
793 545 984 599 attigerit
1011 548 1083 588 aut
1113 546 1240 601 plane
1270 548 1480 591 omiserit.
1506 550 1634 602 Nam,

184 616 310 658 modo
332 615 557 670 strigosior
578 628 744 669 eorum,
770 628 880 671 quae
903 616 1061 658 cecinit
1082 616 1319 670 Homerus,
1345 619 1637 673 pulcherrima

184 686 314 729 nihilo
349 687 487 738 curat,
523 698 604 728 nee
640 686 744 741 quid
786 686 959 729 valeant
996 687 1168 729 videtur
1206 688 1380 743 quidem
1420 691 1635 743 sensisse3

182 757 308 799 modo
337 756 567 811 copiosior,
592 757 655 799 vel
683 756 736 799 de
763 769 842 800 suo
870 758 1015 813 frigidi
1043 759 1110 800 vel
1142 758 1193 800 de
1221 759 1318 800 aliis
1344 760 1635 816 intempestivi

181 826 340 882 aliquid
363 826 481 869 addit
505 828 547 868 et
567 826 610 868 in
631 826 829 869 molestis
852 827 1222 883 descriptionibus
1243 834 1461 873 versatur.

237 895 344 940 Cum
378 897 584 952 indagare
612 898 734 952 coepi
765 911 872 953 quas
900 898 955 940 ob
981 912 1137 941 causas
1171 899 1275 942 Ilias
1307 900 1439 943 latina
1469 904 1635 945 tantum

179 968 339 1010 fastidii
372 968 614 1022 legentibus
645 968 828 1021 adserat,
856 968 1071 1024 imprimis
1100 970 1143 1012 id
1173 970 1278 1012 mihi
1301 973 1491 1015 occurrit
1520 974 1634 1028 quod

177 1051 297 1081 mera
333 1038 447 1081 bella
485 1038 663 1081 Italicus
703 1042 852 1082 narrat
888 1056 908 1078 «
948 1053 1115 1095 pugnas
1150 1043 1192 1083 et
1231 1042 1409 1095 caedes,
1446 1043 1635 1099 impetus

177 1112 219 1152 et
250 1109 373 1164 fugas
404 1126 423 1148 »
462 1107 490 1163 ¹,
528 1109 634 1151 nihil
668 1113 742 1152 aut
780 1109 871 1152 sere
912 1111 1019 1153 nihil
1061 1111 1174 1166 quod
1216 1112 1269 1154 ad
1308 1116 1461 1167 pectus
1501 1118 1542 1157 et
1582 1114 1634 1156 ad

176 1179 351 1222 intimos
394 1180 528 1222 animi
570 1192 726 1222 sensus
769 1181 1002 1236 pertineat.
1044 1181 1239 1225 Achilles
1281 1184 1395 1239 apud
1435 1187 1631 1227 nostrum

175 1251 308 1293 durus
336 1250 460 1293 miles
491 1251 610 1303 furit,
636 1251 842 1304 minatur,
868 1255 1035 1307 strages
1062 1253 1180 1306 facit,
1206 1256 1248 1296 at
1280 1254 1472 1297 humano
1501 1255 1633 1298 eorde

175 1321 280 1363 nihil
314 1322 544 1376 recogitat,
584 1322 690 1363 nihil
727 1323 972 1377 egregium,
1006 1324 1112 1365 nihil
1147 1324 1308 1367 elatum
1342 1325 1493 1378 habet;
1532 1340 1631 1369 nus-

176 1404 305 1447 quam
335 1392 386 1434 de
414 1394 551 1435 morte
580 1405 674 1445 sua,
700 1395 745 1435 ut
771 1393 1029 1448 saepissime
1060 1394 1105 1436 in
1133 1394 1286 1446 Iliade,
1317 1395 1412 1450 ipse
1442 1397 1632 1451 loquitur

175 1475 273 1505 cum
309 1462 505 1504 tristibus
546 1462 707 1515 verbis,
743 1465 899 1505 natura
934 1466 1218 1520 repugnante,
1256 1466 1426 1508 sortiter
1468 1469 1628 1521 tamen,

174 1533 372 1575 vincente
403 1533 578 1575 laudum
607 1533 823 1576 immensa
853 1535 1079 1590 cupidine;
1105 1549 1323 1591 nusquam
1351 1536 1395 1578 in
1428 1537 1631 1593 Epitoma

173 1603 411 1659 ingenuum
438 1604 631 1659 reperies
654 1604 860 1659 juvenem
885 1605 974 1660 qui,
1005 1605 1209 1649 Patroclo
1239 1607 1401 1660 occiso,
1431 1621 1517 1650 non
1542 1609 1632 1651 Pa-

174 1675 357 1717 troclum
385 1674 531 1727 modo,
567 1687 646 1717 sua
673 1675 802 1717 etiam
831 1688 952 1718 arma
979 1676 1031 1718 ab
1060 1677 1184 1719 hoste
1215 1680 1341 1733 capta
1374 1677 1518 1721 desset.
1543 1679 1628 1723 Ubi

171 1745 401 1788 Phoenix?
429 1757 577 1787 senem
624 1744 802 1788 Italicus
848 1759 902 1788 ne
947 1747 1143 1789 nominat
1188 1748 1381 1803 quidem.
1426 1747 1628 1791 Ceterum

170 1816 353 1859 consilio
384 1818 427 1858 et
457 1815 715 1871 prudentiae
748 1817 791 1859 in
822 1815 960 1860 Iliade
990 1817 1125 1860 latina
1155 1818 1363 1861 minimus
1393 1821 1459 1861 est
1487 1819 1624 1863 loeus.

168 1887 561 1942 Agamemnonem,
586 1890 633 1930 ut
653 1887 782 1942 Troja
804 1887 974 1931 facilius
992 1889 1221 1944 potiretur,
1241 1903 1326 1932 non
1347 1889 1531 1933 Achillis
1554 1894 1626 1933 aut

167 1957 333 2013 Ajacis‚
370 1958 446 2000 sed
478 1957 679 2001 Nestoris
714 1958 865 2002 decem
900 1960 1065 2002 similes
1100 1960 1181 2002 sibi
1219 1961 1438 2016 optavisse
1478 1965 1627 2005 noster

168 2032 242 2072 aut
280 2029 508 2084 ignorabat
546 2033 634 2082 aut,
682 2029 846 2084 hercle,
896 2044 1049 2086 parurn
1092 2031 1371 2087 intellegebat
1408 2046 1417 2075 ε
1464 2033 1625 2077 Nestor

167 2100 283 2143 enim
330 2100 382 2142 ab
420 2099 493 2143 illo
533 2100 758 2143 rarissime
796 2101 1038 2155 inducitur,
1076 2115 1218 2157 neque
1258 2103 1407 2147 Ulixes
1448 2117 1623 2159 gravem

168 2171 273 2213 satis
300 2171 484 2226 suscipit
503 2183 752 2226 personam.
779 2171 893 2224 Quid
921 2173 973 2214 de
1002 2173 1257 2215 mulieribus
1280 2174 1454 2218 dicam?
1479 2175 1625 2230 Agno-

167 2241 311 2284 scisne
339 2241 383 2284 in
409 2241 612 2297 Epitoma
641 2255 898 2297 generosam
931 2246 973 2286 et
1001 2243 1295 2287 miserandam
1328 2259 1506 2288 uxorem
1537 2246 1621 2289 He-

167 2312 326 2363 ctoris,
365 2312 488 2366 eujus
521 2316 667 2355 tamen
699 2313 921 2368 Vergilius
963 2326 1135 2369 quoque
1170 2318 1256 2356 tam
1290 2316 1478 2358 vividam
1512 2317 1622 2360 ima-

166 2383 309 2439 ginem
342 2387 490 2425 nostro
517 2383 781 2438 praebebat?
808 2383 940 2426 Libro
969 2388 1089 2426 sexto
1117 2385 1189 2427 illa
1218 2385 1351 2428 silium
1381 2387 1425 2428 in
1457 2389 1621 2442 gremio

165 2456 309 2504 tenet3
341 2452 449 2507 libro
478 2456 630 2508 quarto
658 2453 828 2496 decimo
858 2454 946 2496 vult
975 2454 1020 2495 in
1046 2467 1201 2509 rogum
1235 2456 1433 2511 conjugis
1468 2470 1514 2499 se
1542 2458 1622 2500 ini-

166 2536 285 2575 cere3
311 2523 415 2565 nihil
438 2523 549 2565 ultra
569 2524 862 2579 requiramus.
887 2524 1117 2567 Hecubam
1143 2529 1207 2568 ter
1228 2526 1398 2581 frigidis
1420 2528 1619 2571 versibus

210 2676 234 2706 1.
258 2676 364 2708 Verbis
384 2679 453 2709 utor
473 2686 553 2718 quae
574 2678 756 2711 wernsdorf
776 2679 937 2719 usurpavit
960 2688 986 2710 v.
1010 2680 1068 2712 790
1090 2679 1288 2713 illustrando.
