1914 3094
697 226 847 256 1TAL1C1
878 225 986 255 1L1As
1015 225 1165 254 LATINA
1611 215 1664 255 13

201 306 302 349 Dux
326 305 449 361 jubet
471 310 599 362 atque
622 304 810 355 animos,
835 303 973 359 aptari
996 306 1038 346 et
1065 315 1246 358 corpora
1272 316 1460 359 pugnae.

198 383 383 426 Postera
404 383 475 426 lux
496 382 650 425 tacitas
672 383 718 423 ut
738 380 927 436 primum
949 379 1116 435 depulit
1137 379 1316 422 umbras

197 459 252 502 Et
278 460 462 502 nitidum
485 458 610 501 Titan
632 457 767 500 radiis
796 459 926 512 caput
947 455 1100 498 extulit
1127 456 1273 508 undis,

197 536 404 579 Protinus
427 535 587 578 armari
610 533 752 576 socios
769 533 894 588 jubet
913 545 1016 576 acer
1034 531 1211 575 Atrides

197 614 252 658 Et
278 618 425 671 petere
446 612 604 656 Iliacos
626 612 839 655 instructo
867 612 1002 655 milite
1025 624 1220 666 campos,
1572 615 1659 656 160

200 691 287 735 Vos
308 690 413 732 mihi
441 702 574 739 nunc,
598 689 752 733 Musae
781 688 898 743 (quid
921 688 1037 731 enim
1060 700 1146 730 non
1168 687 1320 731 ordine
1342 689 1481 732 nostis
1499 688 1549 746 ‘?),

196 766 383 810 Nomina
405 766 521 808 clara
548 765 708 807 ducum
732 765 960 819 clarosque
983 764 1143 807 referte
1166 768 1369 819 parentes

194 843 249 885 Et
269 843 420 885 dulces
442 842 604 898 patrias
630 855 638 884 :
664 854 763 884 nam
786 845 887 884 sunt
907 841 1016 884 haec
1038 854 1221 884 munera
1242 846 1404 883 vestra.

192 919 402 962 Dicamus
425 922 528 973 quot
548 918 733 974 quisque
760 921 877 960 rates
898 917 952 959 ad
977 917 1195 972 Pergama
1218 917 1353 971 duxit,

191 996 246 1039 Et
268 999 469 1051 coeptum
490 1007 752 1051 peragamus
775 1007 900 1050 opus⁷
926 994 1067 1049 sitque
1090 998 1242 1036 auctor
1267 993 1424 1050 Apollo
1568 997 1651 1037 165

189 1072 454 1128 Aspiretque
474 1072 615 1114 libens
637 1071 757 1126 operi
779 1084 855 1127 per
877 1071 1048 1126 singula
1068 1074 1234 1113 nostro.

190 1148 410 1192 Peneleus
433 1148 638 1204 princeps
662 1152 704 1191 et
724 1147 836 1190 bello
859 1146 1011 1190 Leitus
1034 1160 1139 1190 acer

189 1225 442 1268 Arcesilaus
465 1229 587 1269 atrox
613 1225 976 1279 Prothoenorque
999 1223 1266 1279 Cloniusque

189 1302 342 1345 Boeoti
365 1303 509 1345 decies
537 1302 693 1358 quinas
716 1314 843 1357 egere
872 1300 1044 1343 carinas

189 1378 248 1425 Et
269 1381 458 1425 tumidos
478 1379 622 1421 valido
650 1378 880 1434 pulsarunt
906 1377 1069 1432 remige
1092 1373 1265 1420 fluctus.
1565 1379 1650 1420 170

189 1460 297 1504 Inde
319 1456 571 1514 Mycenaeis
596 1454 900 1510 Agamemnon
929 1453 1159 1496 moenibus
1183 1459 1319 1505 ortus,

190 1538 331 1590 Quem
353 1534 435 1577 sibi
463 1532 621 1587 delegit
643 1531 842 1574 bellatrix
863 1529 1047 1573 Graecia
1075 1543 1239 1586 regem,

188 1614 374 1658 Centum
397 1611 483 1667 egit
502 1610 654 1665 plenas
683 1612 849 1650 armato
879 1608 1014 1650 milite
1036 1620 1220 1663 puppes.

186 1690 242 1734 Et
266 1689 333 1731 bis
361 1687 539 1730 tricenis
567 1684 755 1729 Menelai
777 1684 962 1726 navibus
985 1683 1116 1726 ardor

185 1766 438 1823 Insequitur
465 1763 735 1817 totidemque
762 1761 882 1804 ferox
908 1760 1184 1816 Agapenoris
1212 1760 1292 1802 ira.
1562 1763 1647 1806 175

187 1845 306 1898 Quos
323 1843 445 1898 juxta
468 1840 580 1883 fidus
604 1838 768 1882 sollerti
794 1841 967 1894 pectore
989 1837 1151 1880 Nestor

184 2092 250 2128 156
271 2090 361 2136 Dux]
384 2092 453 2124 Rex
473 2090 504 2124 A
520 2089 556 2124 Υ
576 2086 588 2127 ΙΙ
612 2091 756 2131 pectora
778 2096 909 2121 omnes.
934 2088 951 2128 ΙΙ
975 2085 1041 2120 157
1064 2085 1114 2130 ut]
1139 2086 1197 2120 ubi
1220 2087 1256 2120 Y
1285 2086 1295 2125 {l
1320 2086 1452 2128 repulit
1472 2087 1511 2121 S.
1536 2090 1553 2130 ΙΙ
1578 2087 1645 2121 158

277 2145 408 2179 mediis
424 2138 450 2178 S
466 2142 477 2182 lss
497 2149 538 2178 Ξ
552 2139 635 2176 tulit
650 2142 691 2175 L.
708 2138 725 2178 ll
742 2139 810 2174 160
825 2143 962 2173 armato
976 2140 1009 2173 E
1028 2144 1235 2173 constructo
1253 2140 1286 2173 N
1309 2140 1461 2183 (versum
1481 2141 1580 2174 omis.
1594 2141 1642 2184 Y)

277 2196 288 2236 {l
319 2198 448 2239 incipit
475 2195 537 2230 lib.
568 2195 612 2228 IV
641 2195 680 2228 in
711 2195 830 2238 spatio
858 2202 968 2227 ‘uczcuo
997 2194 1038 2227 L.
1065 2191 1081 2231 ll
1105 2192 1171 2226 167
1201 2194 1334 2227 lercius
1361 2193 1530 2227 EFNB
1551 2194 1644 2228 laer-

277 2254 348 2286 tius
379 2251 406 2284 L
434 2250 475 2284 M
503 2250 629 2283 lertius
657 2248 690 2282 G
723 2248 775 2281 lei·
799 2253 840 2282 Ξ
866 2249 937 2280 tius
965 2247 1030 2289 (ler
1057 2256 1101 2279 ea]
1124 2246 1233 2291 corr.)
1262 2247 1309 2280 V.
1341 2245 1357 2285 ll
1385 2246 1451 2280 loo
1480 2248 1577 2281 Boeti
1604 2256 1643 2284 {i

277 2306 301 2348 (i
328 2314 372 2338 ew
394 2300 501 2347 corr.)
525 2302 554 2335 L
575 2302 704 2335 Boetes
731 2300 839 2334 ceteri
860 2299 871 2339 ll
900 2301 1032 2342 quinas
1054 2299 1187 2332 decies.
1208 2299 1239 2333 Α
1266 2298 1283 2338 ΙΙ
1309 2299 1374 2333 172
1395 2300 1558 2334 bellatrix
1578 2301 1643 2334 de-

276 2358 363 2400 legit
381 2357 428 2390 R.
452 2353 470 2394 ll
493 2355 559 2389 173
585 2363 727 2398 puppes
747 2371 793 2378 —·
814 2354 939 2396 plenas
963 2352 998 2385 A
1011 2353 1058 2386 R.

225 2512 282 2542 156
301 2513 369 2543 Dux
392 2511 494 2544 omnis
512 2511 599 2552 jubet
621 2514 713 2551 atque
734 2511 831 2551 aptari
852 2519 877 2541 c.
902 2519 932 2551 p.
957 2510 1122 2541 Baehrens.
1147 2528 1184 2532 -
1204 2517 1332 2550 corpora
1358 2509 1446 2550 Hiqt.

226 2559 284 2590 162
305 2562 434 2600 penates
454 2560 528 2591 edit.
548 2561 621 2598 vet„
643 2559 770 2590 Ix'ooten.

226 2606 284 2637 167
306 2606 410 2638 Leitus
432 2607 569 2638 [fomlam
590 2606 642 2646 (cf.
666 2606 757 2637 Iliad.
782 2606 818 2643 ll,
843 2605 928 2645 494).

226 2654 284 2684 169
303 2653 408 2685 Boeoti
427 2653 532 2694 (ibim,
555 2656 612 2685 495
634 2656 661 2685 et
683 2654 767 2694 500).
788 2654 916 2684 Boeotus
944 2652 1136 2691 Wernszlorf.
