1914 3094
260 252 341 277 XLVI
793 250 844 279 DE
874 250 1011 280 ILIADE
1042 251 1190 279 LATINA

321 328 526 383 Sequitur
551 330 597 370 ut
630 327 683 369 de
712 328 850 370 nostri
885 329 1147 371 editionibus
1176 341 1313 384 pauca
1345 328 1546 371 adiciam.
1574 329 1715 381 Quae-

263 412 359 440 nam
394 398 521 440 suerit
558 398 776 453 princeps,
818 398 1052 440 obscurum
1088 403 1154 441 cst
1189 412 1198 441 z
1234 399 1564 451 Parmensisne⁷
1599 412 1714 442 anno

262 471 375 515 «mee
398 469 527 519 edita,
553 481 605 509 au
628 470 751 510 vetus
773 468 844 510 illa
868 468 1121 511 Florentina
1142 469 1182 511 in
1212 482 1293 524 qua
1317 469 1477 521 nullus,
1503 473 1712 524 quantum

262 540 435 594 quidem
470 539 673 593 cognosci
701 542 858 594 potest,
889 552 1029 581 annus
1057 540 1303 595 adscriptus
1332 539 1452 582 erat?
1474 540 1582 583 haec
1612 547 1714 584 sunt

262 611 429 652 minimi
461 609 685 652 momenti.
711 609 797 652 Sed
825 610 953 664 digna
979 615 1044 652 est
1069 624 1180 665 quae
1207 616 1574 653 commemoretur
1600 611 1714 654 Lau-

262 680 388 722 rentii
416 679 630 721 Abstemii
661 679 808 733 editio,
839 680 949 722 Fani
977 693 1015 722 a.
1048 683 1160 722 1505
1193 693 1392 734 excussa,
1424 695 1444 722 a
1474 681 1712 724 Francisco

262 750 477 804 Polyardo
506 762 544 790 a.
577 751 689 790 1515
722 750 926 805 1‘epetita3
961 763 1071 805 quae
1100 751 1200 793 licet
1229 751 1374 793 multis
1404 751 1571 793 laboret
1597 751 1712 793 vitiis

261 821 483 875 multaque
522 824 669 874 aperte
717 819 825 861 salsa
865 821 1094 875 receperit,
1139 822 1249 864 inter
1294 823 1494 876 antiquas
1535 822 1711 875 eminet,

262 905 401 947 neque
429 905 450 934 e
482 891 664 935 Luciani
694 890 876 935 Mueller
906 893 1118 933 sententia
1147 906 1222 947 pro
1246 893 1378 934 nihilo
1402 896 1467 935 est
1495 893 1709 935 ducenda.

260 962 512 1017 Lipsienses
546 976 646 1005 vero
675 962 1041 1017 Basileensesque
1076 963 1134 1004 nil
1172 964 1272 1005 utile
1305 964 1359 1005 ad
1390 976 1482 1005 rem
1517 963 1711 1006 criticam

261 1035 552 1077 contulerunt.

317 1105 375 1148 At
394 1105 435 1147 J.
453 1104 728 1147 Christianus
751 1103 1129 1155 W01=nst101·t·‚0lsi
1153 1105 1376 1147 codicibus
1398 1118 1549 1160 parum
1567 1104 1708 1152 bonis,

261 1174 612 1229 Guelferbytanus
647 1175 816 1216 duobus
855 1178 896 1216 et
934 1174 1327 1227 Helmosladiensi,
1364 1175 1570 1217 subsidiis
1608 1189 1712 1218 usus

260 1249 325 1289 est
362 1258 581 1301 manuque
622 1246 855 1288 festinante
890 1257 941 1287 ac
977 1245 1058 1287 levi
1099 1246 1304 1288 nonnulla
1340 1246 1446 1300 egit,
1481 1249 1627 1288 tamen
1660 1247 1712 1289 de

259 1319 422 1365 nostro,
450 1329 548 1359 cuin
577 1316 806 1358 emendato
839 1319 926 1357 tum
962 1316 1151 1357 breviter
1178 1316 1408 1368 illustrato7
1434 1317 1560 1371 longe
1588 1330 1710 1373 prae-

258 1387 418 1429 clarius
442 1399 571 1441 qnam
595 1386 666 1440 qui
695 1386 837 1441 ipsum
860 1386 1173 1428 antecederunt
1193 1387 1457 1441 promeritus
1482 1390 1562 1429 est.

316 1457 551 1513 Egregium
592 1457 808 1499 Theodori
845 1469 925 1498 van
961 1456 1135 1499 Kooten
1175 1469 1299 1512 Opim,
1336 1457 1467 1499 variis
1498 1458 1710 1512 jactatum

258 1529 373 1582 satis,
393 1528 553 1583 publici
571 1528 682 1582 juris
704 1527 878 1570 tandem
901 1540 938 1568 a.
960 1529 1073 1569 Υ1809
1094 1528 1195 1570 fecit
1212 1528 1430 1570 Henricus
1451 1528 1706 1585 XVeytingh.

257 1599 376 1643 Inter
396 1612 470 1641 eos
498 1599 656 1654 quibus
677 1598 828 1640 nititur
855 1598 1027 1640 codices
1046 1597 1307 1641 Leidensem
1330 1599 1408 1641 Th,
1434 1612 1515 1641 van
1540 1599 1711 1643 Kooten

258 1670 434 1722 evolvit;
461 1670 569 1711 alios
592 1669 766 1724 quidem
792 1668 973 1710 minoris
994 1669 1210 1711 nulliusve
1232 1669 1358 1724 pretii
1380 1669 1590 1723 adhibuit,
1616 1670 1711 1714 Vir-

257 1741 486 1797 giliamun,
516 1739 849 1793 Santenianum,
882 1740 1307 1782 Helmestadiensem
1344 1744 1451 1792 etc.;
1483 1741 1559 1783 sed
1587 1754 1703 1784 com-

257 1812 379 1867 plura
402 1811 607 1853 laudabili
629 1811 880 1865 conjectura
914 1811 1082 1852 sanavit
1109 1811 1314 1865 locosque
1342 1811 1538 1866 Vergilii,
1566 1811 1706 1854 Ovidii

258 1886 299 1925 et
334 1883 518 1925 aliorum
552 1895 574 1924 e
605 1881 778 1937 quibus,
816 1884 1021 1936 tanquam
1057 1894 1107 1923 ex
1140 1881 1349 1934 sontibus,
1380 1887 1529 1924 noster
1567 1883 1711 1925 hausit

257 1966 496 2008 versusque
522 1953 702 1995 Homeri
732 1952 802 1995 ubi
833 1953 1019 1994 maxima
1048 1965 1146 1995 eum
1170 1953 1305 1995 nostri
1335 1953 1532 1995 versibus
1555 1953 1709 2009 deprc-

257 2024 459 2067 henditur
487 2023 767 2078 cumspiratio,
793 2023 944 2065 scdulo
967 2026 1008 2065 et
1030 2036 1126 2065 cum
1153 2023 1295 2065 fructu
1319 2024 1495 2065 notavit.
1524 2024 1708 2067 Schedis¹

256 2095 544 2137 Kootenianis
576 2094 795 2136 Henricus
825 2093 1061 2149 Weytingh
1089 2094 1204 2149 quod
1238 2093 1397 2148 adJeeit
1425 2107 1576 2149 parum
1600 2099 1666 2137 est
1698 2109 1704 2136 :

255 2167 367 2208 haud
393 2170 536 2207 [anien
565 2166 742 2208 omnino
768 2165 932 2207 reicere
956 2165 1093 2207 decet.

315 2237 534 2289 Quantum
575 2237 617 2278 iu
658 2249 703 2278 re
746 2236 967 2278 Lucianus
1014 2235 1197 2279 Mueller
1241 2235 1488 2291 profecerit,
1526 2237 1706 2290 jamjam

255 2320 305 2349 ex
341 2307 544 2349 omnibus
583 2320 692 2361 quae
733 2307 815 2349 hoc
854 2306 997 2348 libello
1031 2305 1348 2360 disputavimus
1390 2306 1494 2347 satis
1531 2308 1705 2349 elucet:

256 2379 324 2420 ille
357 2379 549 2434 quidem,
583 2391 680 2421 cum
710 2378 993 2420 Erl'urtanum
1027 2377 1231 2420 Leidensi
1266 2378 1525 2433 adjimxerit,
1557 2379 1709 2422 sunda-

256 2453 448 2492 mentum
489 2450 687 2492 criticum
726 2462 877 2491 verum
924 2449 1162 2501 constituit,
1205 2452 1472 2504 cunctasque
1509 2463 1619 2504 quae
1656 2451 1707 2493 ad

255 2522 449 2562 nostrum
472 2521 690 2575 pertinent
711 2520 990 2576 quaestiones
1014 2533 1144 2562 manu
1167 2520 1340 2575 saepius
1363 2520 1615 2562 felicissima
1638 2525 1705 2563 aut

255 2591 451 2633 tractavit
472 2594 546 2633 aut
568 2591 720 2633 saltem
748 2591 900 2646 attigit.
929 2591 1111 2632 'sextum
1139 2590 1478 2632 emendatiorem
1511 2593 1552 2632 et
1580 2604 1708 2633 orna—

253 2662 405 2704 tiorem
438 2662 579 2713 dedit;
615 2662 666 2703 de
707 2661 913 2704 carminis
950 2663 1105 2713 aetate,
1141 2661 1534 2715 vicissitudinibus,
1571 2663 1707 2718 pretio
