1914 3094
660 240 810 271 ITALICI
841 240 948 270 1L1As
978 240 1129 269 LATINA
1574 230 1593 268 1
1603 230 1624 268 7

167 322 354 378 Altaque
381 325 446 364 tei·
472 320 596 363 denis
617 319 843 362 sulcarunt
865 330 1054 373 aequora
1086 318 1245 373 proris.

169 398 250 442 His
279 398 462 441 ducibus
484 395 640 451 GraJae
662 394 850 449 Trojana
869 394 924 436 ad
945 394 1072 437 litora
1093 406 1261 449 puppes
1546 396 1630 437 220

168 474 245 516 Bis
267 478 432 529 septem
454 484 611 514 venere
633 471 776 512 minus
799 482 928 524 quam
951 469 1069 511 mille
1090 469 1320 512 ducentae.

168 550 277 593 Tum
305 553 428 605 pater
447 548 500 590 ad
528 547 754 589 Priamum
775 546 907 588 mittit
931 545 1164 588 Saturnius
1189 544 1295 588 Irim

170 627 291 680 Quae
313 627 466 668 doceat
486 625 619 666 sortes
638 622 812 665 venisse
833 622 888 664 ad
903 622 1017 664 bella
1038 621 1267 677 Pelasgos.

167 703 262 746 Nec
281 715 403 745 mora
434 715 442 743 :
467 700 672 743 continuo
696 700 825 754 „iussu
847 698 964 754 capit
991 711 1113 741 arma
1135 698 1330 754 parentis
1543 700 1627 740 225

168 779 414 822 Priamides
436 778 600 820 Hector
620 778 842 832 totamque
870 776 914 818 in
937 775 1101 832 proelia
1122 775 1283 831 pubem

167 855 396 898 Festinare
418 855 542 910 jubet
563 853 787 910 portisque
809 853 898 908 agit
919 865 1074 908 agmen
1098 852 1278 907 apertis.

168 930 247 975 Cui
276 931 444 986 fulgens
466 942 572 972 auro
593 929 732 972 cassis
749 929 943 983 juvenile
967 928 1143 983 legebat

169 1006 299 1051 Omni
319 1010 439 1063 parte
462 1010 607 1062 caput,
637 1005 835 1048 munibat
858 1008 1033 1060 pectora
1055 1005 1228 1057 thorax,

168 1083 223 1126 Et
244 1083 409 1138 clipeus
430 1083 614 1135 laevam,
640 1082 836 1124 dextram
859 1081 1143 1123 decoraverat
1162 1080 1289 1123 hasta
1545 1080 1629 1121 230

169 1159 450 1215 Ornabatque
477 1160 589 1202 latus
617 1171 792 1211 mucro;
823 1158 952 1200 simul
981 1158 1066 1201 alta
1094 1158 1284 1201 nitentes

168 1236 306 1281 Crura
329 1240 478 1291 tegunt
498 1249 669 1289 ocreae,
695 1235 846 1292 quales
872 1235 997 1278 decet
1018 1235 1222 1277 Hectoris
1246 1247 1360 1277 esse.

167 1313 298 1356 Hunc
319 1313 516 1368 sequitur
536 1312 675 1354 forma
698 1311 850 1353 melior
878 1324 1007 1366 quam
1035 1311 1187 1353 sortior
1207 1311 1364 1364 armiS,

167 1390 279 1432 Belli
306 1402 438 1432 causa
461 1388 605 1442 Paris,
631 1388 797 1444 patriae
821 1388 994 1430 funesta
1016 1388 1167 1440 ruina3

166 1465 510 1522 Deiphobusque
531 1464 818 1520 Helenusque
841 1464 970 1506 simul
992 1464 1205 1520 sortisque
1230 1463 1413 1517 PoliteS,
1541 1464 1624 1506 235

167 1543 224 1586 Et
250 1555 376 1585 sacer
394 1542 585 1595 Aeneas,
610 1541 798 1585 Veneris
830 1540 1075 1584 certissima
1099 1541 1262 1597 proles,

166 1616 546 1671 Archilochusque
566 1614 844 1670 Acamasque
866 1615 988 1656 ferox
1010 1613 1235 1656 Antenore
1265 1613 1386 1656 creti.

270 1798 430 1850 Jamque
448 1797 559 1836 citam
580 1796 807 1849 appulerant
823 1795 980 1836 classem
998 1807 1227 1848 camposque
1247 1795 1425 1836 tenebant
1549 1795 1626 1835 222

164 1874 307 1916 spurium
328 1884 392 1907 esse
413 1873 544 1905 Mueller
566 1873 658 1905 vidit.

165 2043 234 2078 222
260 2044 367 2078 citam
389 2061 434 2068 -
454 2042 608 2076 classem
630 2041 660 2075 E
678 2041 706 2075 L
731 2042 802 2075 clto
824 2058 869 2066 -
893 2041 937 2074 cl.
966 2040 1008 2074 Μ
1035 2041 1092 2074 citi
1120 2057 1162 2064 —
1184 2040 1228 2074 cl.
1250 2040 1286 2074 V
1313 2042 1424 2074 scitae
1451 2060 1497 2065 -
1523 2041 1567 2074 cl.
1594 2039 1631 2074 A

259 2096 555 2130 cite—cl.ceterz'
571 2093 735 2138 (lamque
757 2095 815 2128 illa
836 2094 1024 2136 appulerat
1040 2094 1168 2127 classis
1183 2102 1408 2136 camposque
1424 2091 1626 2135 tenebatl.)

260 2148 278 2189 ΙΙ
297 2149 366 2183 223
389 2149 479 2182 Tum
497 2148 588 2182 MY
609 2146 698 2181 Cum
723 2146 762 2192 <C
781 2156 827 2181 επὶ
847 2156 940 2180 corr.
961 2146 998 2180 in
1018 2144 1080 2184 v.)
1097 2147 1114 2188 ΙΙ
1133 2146 1201 2180 225
1222 2148 1311 2188 petit
1331 2147 1368 2180 Y
1390 2145 1407 2186 ΙΙ
1427 2146 1497 2180 226
1518 2149 1629 2179 totam

262 2204 332 2236 iam
353 2203 384 2236 Ι.
404 2203 421 2244 ΙΙ
442 2201 507 2235 231
533 2202 686 2236 ornarat
712 2200 742 2234 1.
767 2202 784 2243 ΙΙ
811 2199 879 2233 233
902 2209 1011 2243 quam
1031 2200 1108 2233 AL
1126 2209 1160 2233 m
1179 2200 1201 2233 2
1222 2203 1298 2234 tum
1318 2201 1353 2234 R
1367 2201 1394 2234 S
1416 2203 1502 2234 tunc
1522 2199 1630 2234 ceteri

260 2259 455 2299 (suprascr.
472 2254 538 2288 mt
564 2264 633 2288 non
656 2252 700 2297 E)
725 2254 737 2295 [Ι
755 2254 857 2287 sortis
879 2254 915 2286 in
935 2255 1047 2287 armis
1067 2262 1199 2287 omnes.
1219 2251 1236 2291 ΙΙ
1255 2253 1324 2287 236
1343 2255 1555 2296 gratissima
1577 2253 1626 2287 Y.

260 2309 363 2350 11237
385 2310 457 2342 nati
479 2308 568 2342 MN
583 2308 627 2342 B.

208 2420 266 2451 223
288 2421 367 2452 Cum
389 2421 519 2458 Κοοίεη,
540 2420 710 2451 Baehrens.

207 2468 266 2498 224
287 2468 390 2499 exisse
409 2466 551 2499 Schenkl.

206 2515 264 2545 230
287 2514 405 2555 clipeus
426 2515 543 2547 laevam
563 2514 703 2545 restituit
729 2513 885 2544 Baehrens
910 2512 1030 2544 laevam
1055 2512 1174 2553 clipeus
1195 2513 1304 2554 vulqo.

209 2562 266 2592 233
290 2571 382 2602 quam
408 2562 516 2595 sortior
542 2562 636 2593 armis
660 2561 801 2592 corrosit
828 2560 928 2591 Havet
954 2568 1014 2591 uon
1046 2559 1135 2591 fortis
1163 2560 1193 2591 in
1221 2561 1315 2592 armis
1337 2560 1432 2601 vulqo
1457 2569 1513 2592 nec
1541 2559 1632 2592 sortis

171 2609 202 2640 in
223 2609 317 2641 armis
336 2609 492 2642 Baehrens
518 2618 611 2649 quam
639 2608 773 2641 sortibus
804 2607 898 2639 arinis
919 2607 1035 2639 Kooten
1056 2608 1087 2638 in
1108 2608 1171 2639 hot.
1197 2607 1249 2649 (cf.
1272 2608 1349 2640 eni-m
1378 2608 1468 2649 Verq.
1495 2608 1573 2639 Aen.
1596 2608 1632 2645 X,

167 2656 240 2696 735)
266 2665 327 2688 non
348 2656 480 2689 sortibus
504 2656 598 2688 armis
622 2655 771 2689 Schenkl.

286 2717 435 2751 pmzssffi.
463 2727 556 2754 These
576 2726 677 2756 latine.
1421 2716 1443 2751 2
