1914 3094
724 820 1010 878 XIX-XX

143 1058 318 1101 Talibus
345 1060 523 1099 ornatus
545 1053 671 1096 donis
691 1050 944 1094 Thetideius
966 1049 1095 1091 heros

144 1135 193 1178 In
216 1133 383 1176 medias
402 1132 517 1175 acies
540 1129 717 1173 immani
740 1127 913 1171 turbine
942 1127 1094 1178 fertur,

145 1210 226 1254 Cui
247 1211 361 1253 vires
383 1208 560 1265 praebet
579 1211 699 1250 casta
722 1218 819 1248 cum
839 1203 1020 1247 Pallade
1040 1203 1156 1246 Juno

144 1288 348 1344 Dantque
376 1286 545 1329 animos
564 1283 737 1340 Juveni3
770 1286 919 1325 contra
943 1279 1200 1335 Cytheroius
1223 1279 1353 1321 heros
1514 1277 1597 1317 895

147 1364 351 1408 Occurrit
371 1363 511 1416 sortis,
538 1362 614 1404 sed
636 1361 748 1403 enim
772 1372 859 1401 non
885 1357 1051 1399 viribus
1079 1356 1247 1412 aequis,

144 1443 365 1485 Aeacidae
390 1454 470 1483 nec
488 1443 580 1482 erat
607 1451 804 1494 compar3
830 1442 975 1480 tamen
1004 1437 1065 1478 ira
1089 1434 1230 1489 coegit

145 1520 355 1564 Conferre
378 1517 547 1559 invictis
565 1517 768 1571 juvenem
793 1527 888 1557 cum
918 1513 1083 1555 viribus
1105 1524 1243 1554 arma.

147 1598 290 1650 Quem
313 1595 396 1637 nisi
419 1597 637 1636 servasset
658 1604 914 1647 magnarum
936 1595 1078 1632 rector
1099 1599 1328 1643 aquarum,

147 1673 206 1718 Ut
228 1672 436 1728 profugus
458 1669 595 1713 Latiis
616 1669 790 1723 Trojain
818 1670 1040 1722 repararet
1060 1665 1102 1707 in
1127 1664 1241 1706 arvis
1517 1662 1601 1702 900

147 1811 1594 1831 ——-—-————-—————————-—--—-

151 1906 338 1945 Codices
358 1927 402 1931 -—
420 1906 496 1940 Lib.
519 1906 599 1939 XIX
624 1904 699 1937 ΕΒ
719 1903 831 1937 XVIII
854 1902 882 1935 F
904 1901 1004 1935 omis.
1019 1899 1138 1933 celeri.
1154 1897 1171 1937 ΙΙ
1193 1897 1261 1931 892
1281 1894 1402 1940 donis]
1424 1896 1536 1929 arinIs
1556 1894 1601 1927 E.

245 1961 314 1995 894
344 1959 521 2003 praebent
552 1958 588 1991 A
601 1958 637 1991 Y
665 1959 848 1999 praestant
874 1954 899 1988 S
919 1958 930 1998 Η
959 1957 1056 1987 casta
1084 1961 1165 1986 cum
1195 1954 1335 1994 cransp.
1358 1950 1443 1983 mf2
1462 1948 1494 1981 E
1522 1956 1603 1981 curn

244 2017 340 2048 casta
369 2013 488 2046 vetere.
513 2010 530 2050 ΙΙ
557 2010 625 2043 895
651 2019 720 2053 que
747 2009 848 2042 omis.
877 2005 1046 2040 LFVG
1075 2007 1086 2048 Η
1115 2007 1239 2039 contra
1268 2003 1345 2036 EV
1375 2003 1458 2036 huic
1483 2004 1604 2035 contra

257 2067 285 2100 L
300 2065 434 2100 MNE
460 2065 529 2099 7719.
557 2062 640 2097 huic
667 2062 696 2095 F
727 2064 811 2095 Iiuic
843 2059 896 2105 (ιή
927 2061 1022 2093 Iiunc
1051 2056 1160 2101 corr.)
1192 2061 1277 2090 tunc
1309 2055 1341 2089 G
1380 2055 1479 2088 uIdet
1510 2055 1606 2087 hunc

255 2120 375 2154 celeri.
400 2118 417 2158 ΙΙ
440 2117 508 2151 890
529 2117 763 2159 Occurritque
781 2114 946 2159 plerique
967 2113 1156 2147 Concurrit
1178 2109 1218 2155 (O
1246 2119 1359 2153 supra
1380 2108 1451 2142 Con
1471 2117 1504 2141 m
1519 2106 1550 2149 2)
1574 2106 1605 2139 Ε

244 2175 254 2212 μ’
298 2174 387 2206 sorte
419 2171 451 2204 E
486 2172 584 2205 uiros
617 2169 646 2202 L
675 2170 754 2202 uiro
790 2167 897 2201 ceteri
929 2167 940 2207 Η
976 2165 1039 2199 sed
1067 2166 1161 2198 enirn
1191 2173 1260 2197 non
1288 2163 1319 2196 E
1349 2166 1383 2195 et
1410 2162 1507 2194 enim
1536 2169 1604 2193 non

252 2226 282 2260 L
308 2225 371 2260 sed
401 2234 470 2258 non
502 2233 586 2258 cum
614 2222 721 2256 ceteri
749 2220 794 2267 (el
814 2221 866 2254 itu
886 2221 917 2253 E
939 2218 1030 2259 7ηὲ).
1057 2218 1073 2258 ΙΙ
1094 2216 1161 2250 897
1191 2220 1266 2250 erat
1291 2212 1453 2258 compar]
1474 2222 1605 2255 corpus

244 2282 321 2313 erat
344 2287 464 2312 omnes
487 2277 647 2320 (compar
675 2284 857 2319 superscr.
876 2274 912 2307 Y
933 2282 1024 2314 opus
1046 2272 1080 2304 V
1101 2279 1195 2304 corr.
1217 2266 1320 2314 my).
1342 2267 1359 2308 ΙΙ
1380 2267 1448 2301 899
1470 2268 1504 2300 ni
1525 2267 1555 2300 G
1571 2265 1607 2299 V

245 2340 459 2374 magnarum
489 2334 607 2364 rector
637 2331 821 2362 seruasset
847 2326 885 2359 S.
911 2324 928 2364 ΙΙ
949 2325 1018 2359 900
1040 2325 1110 2357 Nec
1131 2322 1184 2366 (ut
1203 2330 1388 2366 suprascr.
1410 2318 1492 2364 ΜΞ)
1514 2320 1546 2353 E
1568 2320 1607 2352 Et

244 2385 273 2419 L
290 2384 302 2424 Η
320 2386 500 2427 profugus
518 2384 610 2416 letus
627 2392 659 2416 771
678 2384 686 2415 1
710 2382 804 2415 in—
816 2382 874 2425 gis
891 2380 970 2413 letis
986 2387 1079 2412 corr.
1094 2377 1126 2410 E
1142 2374 1154 2414 ΙΙ
1172 2376 1273 2410 laetis
1288 2394 1333 2399 —
1345 2376 1456 2408 armis
1472 2381 1603 2407 omnes.

195 2537 254 2568 894
279 2538 365 2567 casta
388 2543 456 2566 cum
474 2533 613 2575 reposui,
635 2532 673 2573 cs.
697 2534 754 2564 5:32
775 2540 844 2564 cum
865 2533 948 2563 casta
969 2529 1075 2569 vulyo.

195 2583 255 2614 896
276 2582 413 2614 Occurrit
433 2581 521 2613 fortis
542 2581 656 2621 scripsi
676 2579 836 2612 Concurrit
862 2578 987 2609 fervens
1014 2576 1171 2608 Baehrens
1192 2573 1390 2613 Occurritquc
1410 2571 1477 2604 viro
1495 2571 1607 2612 vulqo:

156 2630 255 2662 locum
278 2629 419 2660 crucibus
439 2628 556 2660 notavit
579 2627 717 2659 Mueller.

193 2678 252 2708 900
271 2676 365 2709 Latiis
386 2675 425 2716 cf.
443 2685 478 2717 p.
499 2675 572 2706 XIII
590 2676 652 2707 not.
678 2675 688 2704 1
711 2673 799 2706 laetis
822 2672 952 2704 Mueller
971 2672 999 2703 el
1019 2671 1173 2702 Baehrens
1193 2669 1406 2701 servaverunt.
