1914 3094
714 288 962 319 PROOEMIUM
1524 294 1563 321 111

172 365 419 420 Antequam
464 377 556 407 rem
598 365 842 421 aggrediar,
890 379 977 409 non
1021 380 1199 423 possum
1241 368 1345 423 quin
1384 370 1561 412 meritas

117 441 277 496 gratias
304 454 428 496 agam
454 441 558 483 viris
586 441 723 484 doctis
756 443 828 498 qui
855 443 961 485 mihi
988 443 1107 486 varia
1129 444 1288 486 auxilia
1310 447 1351 487 et
1371 445 1560 489 benevo-

110 518 270 561 lentiae
302 517 424 572 quasi
453 517 652 560 stimulos
681 518 972 562 adhibuerunt
1008 533 1016 562 :
1053 520 1297 564 clarissimo
1326 522 1561 576 professori

114 595 164 638 E.
201 594 397 646 Benoist,
438 594 511 650 qui
556 595 736 650 parandi
782 596 910 650 huJ'us
952 596 1085 639 libelli
1125 601 1277 640 auctor
1316 598 1421 641 mihi
1462 612 1563 641 sua-

113 683 270 726 sorque
292 670 453 712 exstitit
475 674 517 713 et
540 671 663 726 cujus
691 672 922 728 disciplina
950 685 1020 715 me
1048 673 1229 716 sruitum
1259 687 1356 716 esse
1378 675 1559 730 glorior;

108 746 329 789 Ludovico
359 747 516 799 Havet,
548 748 672 802 cujus
706 748 929 804 ingenium
960 753 1002 792 et
1035 749 1257 805 diligentia
1282 756 1492 806 quantum
1523 756 1565 795 et

110 836 238 879 quam
267 823 438 878 egregie
468 836 535 866 me
561 825 753 879 juverint
780 838 802 868 e
830 826 976 869 multis
1008 839 1105 869 cum
1136 827 1442 882 disputationis
1471 832 1561 871 tum

110 902 342 955 apparatus
383 900 519 942 critici
560 900 666 943 locis
703 901 761 944 ita
800 906 969 945 constat
1005 905 1076 956 ut,
1119 904 1304 959 opellam
1344 917 1488 947 meam
1528 906 1563 948 si

108 974 211 1028 quid
239 975 337 1017 novi
366 976 657 1030 commendet,
683 977 743 1019 illi
772 978 986 1033 imprimis
1013 978 1293 1021 tribuendum
1323 980 1399 1032 sit3
1424 981 1562 1025 Paulo

109 1050 295 1093 Thomas
325 1049 601 1094 Gandavensi
629 1057 671 1095 et
697 1052 918 1097 Ludovico
940 1054 1095 1097 Duvau
1124 1056 1213 1111 qui,
1240 1069 1336 1098 cum
1361 1058 1562 1101 maximis

109 1127 468 1182 occupationibus
490 1132 638 1171 essent
658 1129 881 1185 implicati,
903 1131 983 1173 sibi
1005 1135 1152 1174 tamen
1174 1145 1269 1174 cam
1292 1133 1561 1188 provinciam

108 1203 373 1246 amicissime
412 1210 700 1261 susceperunt
737 1213 782 1250 ut
816 1208 922 1250 mihi
968 1209 1264 1251 subsidiorum
1309 1210 1561 1253 criticorum

110 1281 276 1336 copiam
307 1281 511 1325 facerent.
532 1282 684 1338 Itaque
707 1284 803 1327 illos
826 1297 977 1328 omues
1008 1286 1189 1328 multum
1212 1286 1317 1328 mihi
1342 1288 1561 1342 profuisse

102 1356 171 1412 pio
193 1370 243 1399 ac
269 1358 380 1400 laeto
403 1358 547 1402 animo
570 1360 788 1415 profiteor.
