1914 3094
686 217 736 246 DE
765 217 903 246 1L1Anh·
932 217 1080 246 LATINA
1578 219 1611 245 LI

213 539 277 582 En
318 539 410 591 tibi,
445 539 578 580 lector
617 538 884 590 doctissime,
916 551 994 594 ego
1028 551 1199 595 quoque
1240 539 1440 583 subicere
1475 552 1607 582 ausus

155 625 250 654 sum
284 611 432 654 Iliadis
469 610 627 652 latinae
662 609 897 652 editionem
935 614 1144 666 apparatu
1180 611 1330 655 critico
1366 612 1608 654 institutam

154 683 465 737 nominumque
494 684 536 723 et
562 693 709 723 rerum
740 681 883 723 indice
914 682 1090 737 copioso
1119 686 1331 725 ornatam.
1363 682 1462 726 ι111111
1483 683 1609 739 {nunc

154 754 240 796 scis
274 765 358 809 quo
392 752 568 794 nomine
608 752 738 794 suerit
771 755 912 807 poeta,
945 765 1029 808 quo
1062 757 1258 809 tempore
1286 755 1455 808 vixerit,
1481 768 1609 810 quem

153 826 264 866 inter
306 823 528 865 Romanos
573 823 645 878 qui
690 822 929 865 Homerica
971 824 1165 866 carmina
1210 825 1343 867 latine
1388 828 1612 868 verterunt

153 895 389 937 obtinuerit
424 895 591 946 locum,
624 907 708 949 qua
740 894 908 936 ratione
947 896 987 936 et
1021 907 1106 950 quo
1147 896 1328 938 consilio
1362 896 1610 952 Epitomam

154 966 379 1022 scripserit
406 978 546 1007 suam.
578 964 758 1008 Italicus
786 968 936 1007 noster
958 966 1086 1021 primi
1117 970 1216 1022 post
1243 966 1344 1010 Chr.
1371 981 1414 1012 11.
1447 969 1609 1011 saeculi

152 1038 296 1094 priore
317 1040 439 1093 parte
461 1036 663 1088 ssorebat;
690 1037 999 1091 grammaticus
1021 1037 1192 1080 videtur
1212 1039 1283 1081 ille
1305 1039 1442 1082 fuisse
1462 1041 1534 1095 qui
1556 1041 1610 1083 ad

151 1120 310 1164 pueros
347 1107 611 1158 edocendos,
658 1106 763 1148 satis
798 1106 954 1161 frigide
991 1110 1033 1150 et
1065 1108 1181 1151 nullo
1216 1108 1306 1151 fere
1340 1110 1530 1164 ingenio,
1568 1113 1610 1152 at

151 1179 247 1235 puri
270 1177 485 1221 sermonis
507 1177 700 1232 artisque
721 1177 929 1219 metricae
957 1178 1172 1233 elegantia
1194 1179 1397 1234 religiose
1419 1183 1605 1232 servata,

149 1251 263 1292 hanc
289 1249 536 1305 Epitomam
573 1248 781 1291 condidit.
812 1248 875 1291 Ex
909 1252 970 1291 tot
998 1252 1141 1292 autem
1182 1250 1327 1293 latinis
1359 1252 1497 1307 poetis
1534 1253 1607 1308 qui

149 1334 304 1364 versus
336 1319 517 1363 Homeri
547 1320 590 1361 in
619 1320 774 1362 latinos
796 1320 1036 1362 transferre
1057 1334 1143 1363 non
1172 1322 1297 1364 veriti
1326 1327 1442 1376 sunt,
1467 1324 1606 1367 Italici

152 1394 280 1436 unius
313 1405 422 1447 opus
459 1391 677 1445 integrum
711 1394 924 1446 superest,
963 1404 1047 1447 quo
1088 1392 1160 1435 diu
1202 1406 1360 1449 pueros
1402 1407 1606 1438 romanos

150 1467 193 1508 in
229 1465 342 1507 ludis
373 1476 476 1506 usos
510 1476 609 1505 esse
641 1463 755 1505 haud
786 1463 875 1505 veri
911 1464 1122 1506 dissimile
1157 1466 1426 1520 censuimus,
1464 1468 1523 1511 ita
1563 1472 1607 1511 ut

150 1536 398 1580 Homericis
425 1547 536 1591 quae
559 1534 725 1577 Romae
750 1534 967 1589 viguerint
987 1535 1143 1577 studiis
1172 1536 1343 1579 libellus
1372 1538 1442 1580 ille
1470 1540 1606 1594 pluri-

150 1620 269 1651 mum
290 1605 467 1649 luminis
488 1604 670 1647 adferat.
