1914 3094
925 743 1128 790 CAPUT
1165 744 1207 791 II

736 966 791 996 DE
827 966 1015 997 PINDARO
1051 966 1188 997 FALSO
1224 966 1390 998 NOMINE

393 1157 544 1199 Restat
564 1158 610 1198 ut
631 1156 683 1198 de
711 1156 892 1198 Pindari
922 1157 1095 1199 nomine
1123 1171 1214 1200 rem
1244 1171 1423 1214 agamus
1452 1161 1565 1215 quod
1592 1162 1634 1203 in
1667 1161 1787 1203 libris

333 1227 608 1282 quibusdam7
634 1240 732 1269 cum
767 1227 993 1281 impressis
1027 1230 1116 1269 tum
1151 1242 1279 1271 manu
1320 1231 1510 1286 scriptis,
1539 1232 1590 1273 ad
1614 1244 1785 1274 crucem

332 1297 616 1352 interpretum
656 1297 878 1338 inventum
919 1300 998 1338 est.
1035 1297 1084 1339 In
1125 1297 1337 1341 Vaticano
1378 1300 1613 1355 Reginensi
1655 1303 1784 1353 1708,

332 1378 460 1420 quem
489 1367 662 1408 saeculo
690 1366 816 1408 tertio
845 1366 910 1408 vel
940 1370 1092 1421 quarto
1115 1368 1284 1411 decimo
1313 1369 1536 1413 Baehrens
1565 1374 1785 1414 exaratum

331 1440 468 1494 putat,
502 1437 561 1479 ita
592 1437 847 1479 inscribitur
877 1450 885 1478 ε
917 1438 1091 1494 Incipit
1127 1439 1241 1482 liber
1265 1440 1466 1495 pindari
1497 1442 1787 1486 trccnslcztore‘s

331 1509 522 1561 homeri,
548 1507 924 1563 subscribiturque
950 1521 958 1550 :

435 1624 622 1663 Pindarus
643 1624 745 1663 hunc
764 1623 903 1663 librum
926 1624 1012 1664 fecit
1032 1630 1192 1666 sectatus
1211 1626 1426 1675 homerum,

436 1683 580 1723 Grecus
601 1683 779 1722 homerus
800 1688 892 1731 erat,
916 1684 980 1723 sed
1002 1684 1181 1736 pindarus
1204 1685 1281 1738 ipse
1302 1685 1454 1726 latinus.

328 1796 421 1838 Nec
449 1808 534 1837 non
567 1795 609 1837 in
634 1794 847 1837 Vaticano
874 1794 1075 1838 Palatino
1102 1797 1233 1849 1611,
1265 1797 1427 1840 saeculi
1460 1798 1600 1853 quarti
1629 1799 1783 1842 decimi

330 1866 542 1918 excuntis,
574 1866 729 1920 legitur
750 1866 793 1907 in
816 1865 899 1908 fine
924 1878 933 1907 :

436 1981 631 2021 Pandarus
650 1981 752 2020 hunc
773 1994 900 2021 secum
923 1986 1023 2020 trans
1044 1987 1201 2034 pontum
1220 1983 1324 2023 uexit
1344 1983 1556 2034 homerum⁷

438 2042 588 2082 Scilicet
607 2041 783 2093 argiuum
805 2041 906 2081 dedit
926 2054 1008 2081 esse
1028 2055 1161 2094 poema
1181 2043 1357 2084 latinum.

326 2157 425 2200 Non
447 2159 513 2198 est
539 2155 734 2209 dubium,
759 2157 805 2197 ut
831 2155 1100 2198 Baehrensio
1128 2161 1244 2199 recte
1266 2157 1408 2200 visum
1437 2160 1517 2210 est,
1539 2158 1643 2213 quin
1659 2171 1780 2215 pan-

327 2227 467 2270 darus
498 2229 742 2269 commento
770 2226 934 2268 librarii
962 2226 1046 2268 huc
1071 2227 1317 2282 provenerit
1342 2228 1482 2283 sitque
1504 2230 1781 2283 reponendus

327 2310 348 2340 e
372 2297 637 2340 Santeniano
660 2297 809 2339 codice
831 2297 1064 2340 Pindarus
1075 2311 1092 2349 ,·
1116 2297 1239 2352 cujus
1262 2298 1358 2340 libri
1388 2298 1605 2352 facillime,
1631 2313 1781 2355 quam-

324 2369 388 2411 vis
410 2370 636 2421 mutatam,
657 2368 745 2422 jam
776 2368 987 2422 agnovisti
1009 2381 1138 2423 quam
1162 2382 1294 2424 supra
1315 2381 1337 2412 e
1363 2370 1628 2425 praefatione
1648 2370 1781 2427 NVey—

325 2439 546 2494 tinghiana
566 2438 813 2494 recepimus
844 2438 1176 2494 suscriptionem
1210 2452 1219 2481 :

427 2555 614 2595 Pindarus
637 2556 737 2595 hunc
759 2568 886 2595 secum
909 2560 1010 2595 trans
1032 2560 1188 2607 pontum
1210 2557 1315 2596 uexit
1336 2557 1549 2606 homerum,

429 2614 504 2655 Sed
525 2620 791 2667 argumentum
811 2614 911 2655 dedit
931 2627 1012 2655 esse
1032 2620 1139 2668 poeta
1160 2616 1333 2656 latinum.
