1914 3094
643 194 792 224 ITALICI
825 193 933 223 ILIAS
965 193 1115 222 LATINA
1559 180 1607 221 47

147 296 167 315 «ι
190 276 471 319 Absistamus
491 290 509 312 »
541 273 615 326 ait,
646 290 664 312 (ι
680 284 779 314 nam
802 271 867 313 vis
889 269 1134 313 communis
1158 270 1328 325 utrique
1352 283 1397 321 »ς
1432 269 1549 326 [627]

146 354 200 396 Et
220 353 338 409 prior
354 351 534 406 Ajacem
557 349 734 404 fulgenti
761 350 961 390 munerat
982 358 1086 388 cnse

148 429 285 485 Inque
307 428 464 480 vicem,
489 438 574 483 quo
599 438 644 468 se
672 425 858 467 bellator
879 423 1075 466 cinxerat
1094 421 1221 476 Ajax‚

145 505 317 561 Accipit
344 504 559 559 insignem
585 502 704 544 vario
727 500 966 544 caelamine
989 499 1197 542 balteum.
1523 502 1608 543 (530

146 583 253 626 Post
276 582 384 624 haec
408 580 621 635 extemplo
643 578 844 621 Danaum
868 578 1117 633 Troumque
1141 579 1341 619 catervae

148 658 407 710 Discedunt,
439 656 695 711 caelumque
718 655 823 709 tegit
845 667 928 697 nox
951 656 1042 696 atra
1070 653 1279 696 tenebris.

148 734 390 790 Implentur
413 733 597 789 dapibus
622 732 754 787 largis
775 731 1027 786 Bacchique
1050 730 1218 786 liquore

146 811 288 866 Atque
311 810 424 853 aridi
446 809 616 865 placido
638 809 815 851 tradunt
838 821 915 850 sua
935 820 1118 862 corpora
1138 820 1308 851 somno,

146 889 331 932 Postera
360 900 457 930 cum
481 887 670 942 primum
699 885 847 927 stellas
868 884 1039 926 Aurora
1062 884 1248 939 fugarat,
1523 886 1606 927 635

145 965 194 1008 In
223 968 394 1008 coetum
421 976 579 1006 venere
599 962 814 1016 Phryges3
841 963 932 1003 tum
956 961 1172 1003 maximus
1197 960 1363 1003 Hector

146 1041 254 1085 Cum
277 1041 408 1084 sociis
428 1052 678 1082 memorans
699 1038 933 1080 hesternae
956 1037 1111 1079 funera
1133 1037 1280 1079 caedis

146 1118 308 1162 Suadet
330 1120 376 1160 ut
396 1116 570 1159 invictis
591 1115 761 1157 Helene
786 1114 994 1156 reddatur
1013 1113 1194 1156 Achivis

146 1194 403 1249 Praedaque
426 1205 536 1248 quae
559 1192 692 1234 duros
713 1190 901 1234 Menelai
925 1191 1115 1233 mulceat
1137 1190 1280 1245 ignes.

146 1271 282 1327 quue
305 1271 445 1326 placet
467 1269 653 1312 cunctis.
679 1268 789 1311 Tum
819 1280 951 1310 saevo
978 1267 1141 1309 missus
1162 1266 1341 1309 Atridae
1523 1270 1609 1315 6Δο

146 1346 331 1390 Pertulit
358 1345 518 1388 Idaeus
539 1345 701 1387 Troum
723 1344 950 1396 mandata,
974 1356 1117 1399 neque
1138 1343 1210 1385 ille

146 1425 234 1467 Aut
251 1424 444 1466 animum
467 1422 656 1478 praedae
678 1424 752 1464 aut
774 1420 902 1463 dictis
926 1421 1234 1464 accommodat
1255 1433 1398 1475 aures,

146 1702 212 1736 627
235 1711 316 1736 nam
337 1700 407 1746 vis]
435 1702 586 1743 sanguis
616 1710 735 1734 omnes
757 1704 768 1744 ¹1
795 1702 939 1743 utrique
960 1704 1014 1734 est
1034 1700 1076 1734 M
1090 1700 1137 1733 N.
1162 1699 1179 1740 ΙΙ
1203 1698 1272 1733 628
1299 1700 1339 1733 At
1360 1699 1424 1733 Al
1446 1700 1485 1733 Et
1505 1701 1613 1733 ceteri

242 1756 252 1795 j}
272 1753 435 1799 fulgenti]
459 1755 584 1788 falcato
610 1750 760 1793 (aurato.
782 1755 805 1787 i.
827 1754 1013 1796 deaurato)
1038 1754 1070 1787 E
1092 1753 1264 1787 deaurato
1285 1754 1319 1787 V
1341 1757 1465 1787 aurato
1491 1753 1609 1787 ceteri.

242 1812 258 1853 Η
280 1809 348 1842 6:31]
375 1810 466 1842 miro
487 1807 532 1841 E.
558 1811 574 1851 ΙΙ
604 1807 667 1841 631
701 1809 767 1841 hoc
796 1807 825 1840 F
853 1811 887 1841 et
912 1807 941 1840 L
969 1808 1033 1841 hec
1053 1807 1161 1841 ceteri
1185 1806 1297 1850 (amis.
1321 1807 1353 1841 G
1374 1808 1499 1850 Postq3
1524 1816 1543 1840 e
1566 1806 1610 1852 Β)

242 1869 253 1907 {1
268 1865 410 1906 graium
433 1865 625 1904 troumque
646 1862 681 1895 R
703 1865 820 1895 troum
843 1863 1061 1904 graiumque
1077 1861 1103 1895 S
1125 1864 1242 1894 troum
1257 1860 1487 1904 danaumque
1505 1861 1613 1894 ceteri

243 1918 254 1958 11
284 1915 444 1951 635-615
464 1914 591 1949 desunt
617 1915 654 1948 in
677 1915 710 1950 Ι.
739 1914 756 1955 ΙΙ
778 1913 845 1948 636
871 1916 1023 1949 marttus
1039 1915 1088 1948 A.
1108 1913 1208 1954 11637
1226 1917 1371 1948 eternae
1391 1914 1480 1948 MN
1500 1918 1610 1948 exter-

242 1979 308 2003 nae
325 1970 372 2003 R.
386 1967 402 2007 ll
416 1967 484 2001 638
504 1969 625 2001 Suasit
643 1967 674 2001 E
687 1965 755 2001 7222
770 1968 780 2008 11
798 1968 913 2010 elena,
933 1969 1060 2001 helena
1080 1976 1212 2001 omnes.
1231 1966 1432 2006 11640111116
1445 1986 1490 1991 —
1504 1967 1609 2001 atridi

240 2024 287 2057 R.
307 2024 323 2064 ΙΙ
339 2022 406 2056 642
427 2025 487 2055 aut
511 2021 617 2055 dietis
638 2021 845 2055 commodat
866 2022 901 2055 R
921 2021 1076 2055 dictisue
1103 2020 1352 2055 accommodat
1371 2021 1402 2054 A
1429 2021 1486 2055 uel
1505 2020 1611 2055 dictis

242 2075 491 2111 accommodat
511 2074 560 2108 Y.

190 2246 248 2276 627
268 2254 339 2276 nam
360 2245 408 2277 vis
432 2246 587 2277 Baehrens
611 2245 710 2277 virtus
731 2245 862 2277 Mueller
878 2264 917 2268 —-
938 2245 1063 2285 utrique
1078 2247 1125 2277 est
1140 2244 1246 2285 valae.

189 2293 247 2323 628
266 2292 396 2333 fulgenti
416 2293 532 2333 conjeci
549 2294 575 2334 (e
594 2293 704 2325 falcato
724 2293 756 2324 in
779 2293 949 2334 Erfartano
971 2293 1092 2329 codica-
1110 2296 1219 2324 aurato
1245 2291 1380 2333 qlossam
1400 2300 1463 2323 esse
1488 2290 1528 2322 ad
1548 2289 1610 2321 ful-

148 2339 232 2380 genti
251 2340 388 2372 additam
407 2342 563 2382 suspicor)
587 2341 698 2373 falcato
715 2341 846 2373 Mueller
862 2340 924 2382 (Cf.
942 2340 1031 2371 Ovid.
1048 2340 1120 2372 Met.
1140 2341 1165 2378 1,
1182 2339 1252 2380 717)
1274 2340 1423 2371 deaurato
1443 2338 1610 2369 Baehrens.

147 2405 185 2409 —
206 2386 394 2427 Ajacemque
416 2388 501 2428 prior
522 2391 631 2420 aurato
656 2388 853 2428 ur‘ernsdors,
874 2389 1007 2419 Koolen.

190 2435 245 2465 631
268 2436 342 2466 Post
362 2435 436 2466 haec
460 2436 600 2467 restituit
624 2435 780 2467 Baehrens
807 2436 936 2477 posthac
958 2434 1051 2475 vulqo
1076 2452 1114 2456 —
1134 2435 1275 2466 Danaum
1300 2435 1478 2473 Troumque
1499 2432 1612 2473 scripsi

147 2482 259 2513 Troum
278 2481 482 2522 Danaumque
501 2483 610 2515 celeri.

189 2528 248 2559 642
275 2530 332 2560 Aut
355 2529 493 2561 animum
520 2529 664 2570 precibus
686 2538 742 2561 nee
768 2529 858 2561 dictis
888 2529 1019 2570 porrigit
1045 2537 1136 2560 aures
1165 2529 1260 2559 veter.
1284 2527 1357 2559 edit.
1390 2526 1546 2568 (precibus
1576 2535 1613 2557 ea·

150 2574 255 2615 prede,
276 2583 365 2615 prece
386 2577 413 2607 el
435 2576 565 2616 porrigit
587 2586 601 2607 e
624 2576 774 2608 deterior.
796 2576 898 2616 codd.)
925 2578 981 2607 Aut
1005 2575 1142 2607 animum
1166 2575 1313 2616 praedae,
1330 2574 1420 2606 dictis
1448 2576 1502 2607 aut
1523 2582 1611 2606 com-

150 2622 253 2654 modat
274 2631 363 2654 aures
385 2623 503 2656 Kooten
522 2624 554 2655 in
574 2624 669 2662 notis,
691 2623 774 2665 qaod
793 2632 852 2655 uon
873 2622 1027 2664 displicet.
