1914 3094
276 237 374 263 xxxn
807 235 857 263 DE
888 235 1024 263 ILlADE
1054 235 1202 264 LATINA

277 313 489 365 Minerva,
514 315 746 367 antequam
772 310 1043 367 Agamemno
1066 312 1311 355 Briseidem
1334 313 1566 369 rapuisset,
1593 315 1729 371 impe-

276 384 412 425 ditum
443 395 538 424 esse
568 396 621 424 ne
647 382 690 424 in
717 395 864 437 regem
895 383 1084 437 gladium
1115 383 1366 439 stringeret,
1403 386 1551 426 noster
1579 386 1729 428 cadem

275 455 396 510 ponit
423 458 519 508 post
546 453 734 495 ablatam
762 453 990 507 virginem.

334 525 388 567 Y.
428 526 527 565 2151.
557 548 615 554 --
648 522 792 566 Verba
823 536 931 577 quae
964 524 1133 565 Nestori
1168 525 1237 567 hic
1276 523 1453 567 Italicus
1489 525 1653 578 tribuit,
1678 526 1731 569 ab

275 596 401 639 Ulixe
430 595 470 635 in
501 606 655 648 graeco
677 597 794 635 textu
816 594 1087 645 emittuntur,
1112 594 1170 647 II,
1197 598 1297 637 300.

333 665 389 708 Y.
439 667 538 706 372.
584 689 641 693 —
685 663 967 716 Democoon,
1013 664 1177 707 Priami
1231 666 1372 720 silius,
1420 666 1472 707 ab
1521 666 1641 709 Ulixe
1688 667 1728 709 in

275 735 432 786 Iliade,
475 734 560 786 IV,
609 736 716 785 ΑΘΕ),
760 734 812 775 ab
854 733 1184 788 Agmneninone
1230 736 1272 777 in
1316 735 1518 791 Epitoma
1562 737 1729 779 interli-

274 806 400 849 citur.

331 875 386 918 V.
421 877 520 921 sisti.
551 899 608 904 -—
635 873 814 917 Italicus
845 888 1012 928 saxum,
1044 876 1157 930 quod
1189 875 1424 918 Diomedes
1453 877 1657 931 jaciebat,
1688 878 1728 920 id

273 946 410 989 fuisse
444 948 592 988 narrat
626 946 739 1000 quod
776 959 861 988 non
896 947 1060 988 ferrent
1094 946 1321 988 duodecim
1347 948 1552 1000 juvenes3
1596 949 1729 991 multo

272 1016 531 1068 modestius,
569 1020 614 1058 ut
646 1015 916 1058 Wernsdors
946 1017 1020 1067 ait,
1053 1017 1290 1070 Homerus,
1319 1017 1374 1070 V,
1409 1020 1509 1072 303,
1541 1019 1593 1061 de
1626 1020 1730 1061 viris

272 1087 442 1129 duobus
465 1086 665 1128 hodierni
687 1087 780 1129 aevi
805 1087 1077 1142 loquebatur.

328 1157 385 1201 V.
428 1159 528 1198 839.
570 1181 627 1186 —
663 1156 792 1212 Apud
833 1161 1028 1199 nostrum
1070 1158 1260 1200 Patrocli
1304 1171 1461 1214 corpus
1503 1160 1547 1201 in
1587 1163 1727 1203 castra

270 1229 405 1271 refert
447 1227 734 1279 Nestorides;
776 1227 1036 1270 Antilochus
1076 1231 1246 1281 autem,
1283 1229 1482 1272 Nestoris
1519 1230 1649 1283 silius,
1686 1232 1727 1273 in

270 1311 426 1355 graeca
460 1298 612 1350 Iliade,
649 1297 798 1352 XVII,
835 1301 937 1351 (385,
976 1301 1142 1340 tantum
1185 1304 1368 1342 mortem
1405 1301 1534 1343 amici
1569 1302 1728 1344 Achilli

268 1369 460 1420 nuntiat,
504 1369 700 1411 referunt
739 1382 898 1425 corpus
945 1369 1172 1412 Menelaus
1217 1373 1259 1413 et
1303 1370 1540 1424 Meriones,
1578 1372 1725 1426 XVII,

269 1442 478 1483 717-722.

326 1510 382 1554 V.
417 1513 518 1553 855.
555 1535 612 1541 —-
648 1510 694 1554 Si
727 1509 879 1553 Italico
915 1510 1121 1563 creditur,
1154 1509 1365 1564 AchilleS,
1397 1515 1441 1554 ut
1474 1512 1726 1555 Patroclum

268 1581 570 1634 ulcisceretur,
604 1594 626 1623 a
662 1583 800 1623 matre
832 1594 952 1623 arma
987 1581 1134 1636 petiit3
1172 1580 1409 1637 Homerus,
1446 1582 1615 1633 XVIII,
1654 1586 1724 1636 73,

267 1652 326 1694 nil
347 1652 431 1694 tale
453 1652 574 1694 finxit
600 1665 608 1694 :
633 1652 785 1694 Thetis
808 1665 885 1693 sua
908 1655 1061 1706 sponte
1083 1664 1201 1693 arma
1226 1652 1468 1707 pollicetur.

324 1722 380 1766 V.
406 1725 507 1765 857.
536 1748 594 1753 —
619 1722 684 1765 De
711 1722 872 1776 Aetna,
903 1722 1090 1765 Vulcani
1117 1722 1307 1776 officina,
1337 1723 1382 1765 in
1409 1736 1563 1779 graeca
1589 1724 1725 1767 Iliade

267 1806 481 1848 nusquam
503 1793 659 1848 agitur.

329 1863 379 1907 V.
410 1866 541 1906 1006.
578 1888 635 1894 -
675 1862 802 1906 Circa
836 1864 1049 1905 tumulum
1078 1863 1287 1917 Patrocli,
1323 1863 1492 1916 XXIV,
1526 1866 1597 1918 16,
1638 1879 1722 1907 non

266 1934 381 1977 circa
418 1934 572 1989 Trojae
614 1947 781 1988 muros,
824 1937 870 1976 ut
908 1936 1058 1976 noster
1102 1934 1275 1987 cecinit,
1318 1933 1522 1977 Hectoris
1565 1948 1722 1991 corpus

266 2008 450 2048 tractum
478 2005 532 2047 ab
558 2004 729 2047 Achille
751 2005 971 2048 Homerus
997 2004 1144 2048 refert.

322 2076 420 2119 Jam
444 2076 511 2118 his
534 2075 805 2131 praemissis,
830 2088 928 2118 cum
957 2075 1193 2118 Hectorem
1221 2075 1335 2118 circa
1363 2088 1511 2118 muros
1535 2079 1719 2120 tractum

263 2145 539 2201 Aetnamque
578 2146 797 2188 officinam
838 2146 1022 2189 Vulcani
1062 2146 1105 2187 in
1145 2145 1392 2201 Epitomam
1432 2159 1482 2189 ex
1525 2146 1721 2191 Aeneide

266 2217 475 2272 irrupisse
512 2217 640 2259 facile
683 2229 912 2272 agnoscas,
952 2230 1039 2258 non
1080 2216 1315 2271 dubitabis,
1357 2217 1527 2260 etiamsi
1566 2232 1719 2273 graeco

264 2291 381 2330 textu
403 2287 585 2330 Iliadem
612 2291 808 2330 nostrum
833 2287 1046 2330 evolvisse
1068 2287 1308 2341 arbitreriS,
1333 2288 1437 2344 quin
1464 2289 1535 2331 ille
1562 2289 1719 2345 Vergi-

263 2357 369 2399 lium
395 2358 539 2413 potius
566 2358 720 2400 ducem
744 2371 873 2413 quam
903 2358 1144 2400 Homerum
1174 2358 1255 2400 sibi
1284 2359 1477 2414 elegerit.
1508 2359 1717 2416 Reperies

264 2429 632 2483 comparationem
661 2428 979 2482 Maronianam,
1004 2441 1091 2471 non
1119 2429 1416 2483 Homericam,
1447 2430 1491 2472 in
1518 2431 1716 2475 versibus

263 2499 346 2539 255
370 2510 490 2553 sqq.;
516 2510 656 2553 neque
679 2498 803 2540 aliter
823 2511 893 2540 res
916 2511 962 2540 se
987 2498 1116 2541 habet
1136 2511 1176 2540 v.
1197 2501 1297 2541 396.
1319 2498 1427 2542 Inde
1448 2500 1563 2555 quod
1585 2514 1715 2557 supra

258 2566 315 2609 de
343 2567 488 2609 latinis
509 2568 737 2623 Epitomae
764 2569 954 2611 sontibus
983 2569 1170 2611 diximus
1197 2572 1406 2625 quantum
1435 2570 1716 2614 confirmetur

260 2642 458 2694 apparet,
497 2639 657 2682 clarius
679 2639 806 2682 ctiam
836 2653 928 2683 rem
950 2640 1167 2684 illustrant
1188 2641 1346 2697 singuli
1376 2654 1526 2684 versus
1555 2643 1713 2699 quibus
