1914 3094
657 264 708 294 DE
737 264 875 293 ILIADE
904 264 1054 294 LATINA
1514 266 1588 293 xvn

188 344 408 398 Ceterum,
438 356 537 387 cum
567 342 734 386 nullum
767 342 821 385 de
853 345 1003 385 nostro
1035 341 1246 384 indicium
1274 354 1351 397 per
1378 342 1586 386 invidiam

127 415 336 472 temporis
357 414 608 467 innotuerit,
634 413 964 457 cavendumest
990 425 1044 454 ne
1071 424 1151 454 nos
1174 411 1343 455 inutilia
1371 412 1585 468 fingamus

129 498 236 528 neve
251 485 559 528 obliviscamur
570 496 680 539 quae
695 496 834 539 nuper
850 483 893 525 in
907 482 1143 526 Naevianis
1158 481 1382 525 Lucianus
1398 482 1586 526 Mueller

127 556 238 599 bene
259 555 511 599 recantabat
536 568 543 597 :
568 555 647 598 Est
668 554 797 597 etiam
819 553 1034 610 quaedam
1056 552 1194 595 virtus
1223 552 1463 596 nesciendi.

128 702 375 740 similitudinem,
397 711 435 734 ne
460 701 542 733 illam
571 700 694 741 quidem
723 699 799 732 satis
825 698 928 731 valere
953 697 1097 737 arbitror,
1119 706 1189 729 cum
1212 697 1312 739 poetis
1334 698 1474 730 romanis
1495 707 1586 730 num-

127 758 221 788 quam
241 749 349 790 religio
369 749 462 781 suerit
484 748 651 790 quominus
679 746 780 779 aliena
810 745 917 783 verba,
944 745 1041 777 immo
1067 744 1185 777 alienos
1212 753 1335 784 versus,
1361 744 1390 776 si
1416 754 1478 777 non
1506 745 1585 778 inte-

129 804 219 836 gros,
250 796 356 828 saltem
390 797 468 829 hona
498 805 536 828 ex
568 798 654 837 parte
687 794 853 836 repetitos,
880 793 940 825 sibi
976 794 1143 824 sumerent.
1178 793 1322 824 Ceterum
1363 792 1453 833 plura
1482 792 1586 825 inania

126 843 262 884 Doering
292 843 460 883 excitavit3
491 843 564 884 quid
594 843 700 882 refert,
726 850 856 882 quaeso,
885 840 1046 882 Epitomae
1079 839 1262 880 scriptorem
1294 839 1343 871 his
1369 839 1475 871 verbis
1504 840 1549 872 uti
1577 850 1585 872 :

127 902 142 918 (ι
164 890 280 931 Vulgus
306 891 368 923 ruit
394 891 530 931 undique
552 903 581 930 n,
605 889 715 922 Silium
742 888 806 920 illis
828 898 835 918 :
861 900 877 916 «
899 887 960 919 ruit
982 887 1118 926 undique
1144 886 1255 927 vulgus
1278 888 1316 917 n?
1336 886 1417 928 Epit.
1444 887 1551 928 script.
1577 897 1585 919 :

128 949 143 965 α
173 937 322 970 Gentibus
347 938 500 979 Argolicis
524 950 554 978 »‚
575 937 684 969 Silium
707 947 714 967 :
739 949 753 964 α
775 934 926 976 Argolicis
948 934 1074 975 populis
1091 934 1230 975 »‘.>Epit.
1254 934 1357 974 script.
1377 944 1384 965 :
1407 947 1422 963 «
1446 936 1583 975 petunt..

121 983 278 1024 jocunda..
296 986 375 1018 dona
396 986 556 1027 quietis»,
579 984 689 1016 Silium
713 993 720 1015 t
745 996 761 1012 «
781 983 906 1015 haurire
930 982 1072 1014 sinebant
1090 982 1178 1014 Dona
1204 981 1397 1023 soporiferae
1424 982 1524 1014 noctis
1546 983 1585 1014 »2²

127 1031 211 1070 (vide
231 1034 336 1073 Doer.‚
359 1042 409 1075 op.
432 1033 498 1072 cit„
520 1042 550 1074 p.
574 1032 612 1063 39
635 1030 732 1072 sqq.).

229 2739 380 2776 Ριεεειε.
409 2748 503 2776 These
524 2749 624 2777 iatine.
1361 2743 1381 2776 b
