1914 3094
669 278 721 307 DE
751 277 890 307 1L1ADE
920 277 1068 307 LATINA
1527 276 1597 302 xxv

142 360 206 405 Cf.
237 358 362 402 Iliad.
390 356 556 410 XXIV,
586 357 672 399 639
698 369 707 398 :

332 480 421 521 Ἀλλ
431 479 509 518 ἀἰεὶ
530 477 690 530 στενάχω
709 475 769 516 καὶ
787 475 894 524 κήδεα
912 475 1018 529 μυρία.
1034 474 1170 515 πέσσω.

201 608 321 658 Quae
343 605 584 658 fragmenta
607 601 703 644 aliis
727 600 899 656 quidem
925 599 1082 655 poetis,
1106 598 1312 654 quoniam
1339 596 1596 652 saepissime

141 676 304 719 librarii
327 674 502 716 nomina
524 671 699 723 Naeuii,
722 671 870 724 Nonii,
894 670 1061 721 Ninnii,
1085 669 1217 720 Liuii,
1241 667 1393 710 Laeuii
1415 667 1500 709 alia
1520 678 1596 722 pro

141 747 238 789 aliis
278 745 615 795 substituerunt,
657 745 821 785 temere
866 741 1088 796 assignata
1128 738 1352 791 Huschke,
1388 738 1431 780 in
1477 749 1596 779 com-

142 820 276 859 ment.
296 816 349 858 de
370 814 515 857 Annio
537 812 713 856 Cimbro
730 825 771 868 p.
790 814 834 866 9,
850 811 1013 854 Ninnio
1039 810 1200 854 Crasso
1218 810 1316 864 jure
1346 807 1593 850 vindicavit.

140 888 205 931 Ne
242 886 375 942 igitur
407 897 600 928 errorem
633 884 704 926 hic
736 882 924 938 recipias
964 881 1021 924 H.
1059 880 1270 936 Stephani
1309 879 1382 934 qui
1421 890 1599 920 versum

139 957 352 1002 Fecunclo
384 960 603 1013 penetrat
627 955 817 1011 penitus
845 954 1119 1010 potiturque
1152 951 1371 1003 thalamo,
1407 950 1451 991 in
1482 950 1598 1004 frag-

141 1029 300 1072 mentis
346 1030 572 1083 poetarum
619 1029 816 1068 veterum
863 1024 1098 1066 latinorum
1139 1034 1253 1064 anno
1298 1023 1414 1067 155&
1453 1020 1596 1072 editis,

140 1114 182 1156 p.
207 1102 309 1152 224,
333 1097 498 1141 Naevio
527 1096 776 1151 adscripsit,
801 1107 883 1137 nec
910 1093 1121 1149 Scaligeri
1150 1095 1445 1135 commentum
1475 1090 1547 1145 qui
1576 1102 1599 1132 a

140 1170 301 1214 Laevio
340 1168 524 1211 Iliadem
567 1166 771 1223 Cypriam
813 1166 904 1209 vult
948 1165 1156 1220 scriptam
1197 1176 1294 1206 esse
1319 1161 1347 1205 ¹.
1387 1163 1480 1205 Nec
1513 1173 1599 1203 non

142 1241 350 1295 deeeptus
385 1243 451 1282 est
482 1238 636 1294 Heyne
671 1237 760 1293 qui,
795 1237 837 1278 in
873 1248 1058 1279 excursu
1092 1235 1232 1291 primo
1266 1233 1320 1276 ad
1355 1233 1598 1276 secundum

140 1310 350 1354 Aeneidis
382 1309 539 1352 librum
571 1307 630 1364 (p.
663 1310 746 1350 387
783 1312 826 1350 et
856 1309 957 1359 391,
993 1308 1083 1349 not.
1114 1304 1175 1362 ⁶2),
1204 1304 1359 1348 Naevii
1396 1302 1597 1359 Cypriam

142 1381 325 1424 Iliadem
358 1380 494 1422 fuisse
525 1379 749 1422 contendit
774 1377 805 1420 ²².
842 1377 1009 1420 Eodem
1043 1389 1190 1419 errore
1214 1375 1384 1418 laborat
1412 1374 1600 1417 NVerns-

142 1452 242 1494 dors
261 1448 291 1494 ³.

203 1522 318 1575 Quid
348 1533 451 1563 vero
482 1520 535 1563 de
568 1519 719 1563 Ninnii
752 1517 900 1562 Crassi
931 1516 1291 1572 interpretatione
1323 1515 1600 1558 sentiendum

146 1592 217 1645 sit,
243 1592 313 1634 xix
343 1594 535 1633 statuere
566 1602 824 1645 possumus;
857 1588 1039 1630 materia
1067 1587 1205 1629 deest.
1228 1586 1451 1638 Attamen,
1477 1589 1605 1640 prout

145 1676 167 1705 e
194 1667 282 1705 tam
316 1661 467 1718 paucis
501 1660 696 1716 reliquiis
730 1660 831 1702 licet
864 1659 1050 1711 coicere,
1076 1671 1098 1700 a
1125 1656 1371 1709 NValtliero,
1398 1655 1470 1710 qui
1504 1654 1605 1696 iude

144 1732 293 1775 Ninnii
332 1744 486 1774 versus
526 1731 581 1773 ad
622 1730 753 1773 verba
790 1729 1027 1772 Homerica
1066 1731 1270 1771 accurate
1309 1727 1604 1769 conformatos

144 1802 280 1845 fuisse
316 1802 550 1856 existimat,
591 1801 795 1857 equidem
828 1800 1012 1842 multum
1043 1799 1277 1850 dissentio,
1310 1809 1452 1852 neque
1479 1796 1606 1838 aliter

140 1872 355 1928 judicabit
391 1872 463 1928 qui
499 1872 611 1915 haec
647 1871 833 1914 frustula
870 1883 969 1913 cum
1010 1869 1180 1924 graecis
1217 1868 1418 1911 versibus
1453 1866 1606 1917 sedulo

145 1943 391 1987 contulerit.

203 2014 332 2057 Nunc
370 2013 413 2056 in
458 2025 639 2056 censum
679 2016 878 2055 nostrum
924 2012 1040 2055 eadit
1079 2010 1140 2055 M.
1182 2010 1348 2053 Tullius
1394 2009 1484 2065 qui,
1525 2008 1603 2051 etsi

147 2084 433 2128 Homericum
480 2096 657 2127 carmen
708 2096 947 2139 numquam
995 2082 1127 2125 latine
1178 2085 1315 2124 totum
1360 2079 1604 2122 reddidisse

145 2155 333 2209 videtur,
367 2159 530 2209 tamen,
568 2168 666 2198 cum
701 2168 855 2197 versus
893 2154 1126 2210 separatim
1168 2153 1221 2195 ab
1253 2153 1437 2207 aliisque
1471 2151 1603 2194 rebus

147 2226 376 2269 distinctos
428 2225 562 2268 latine
615 2226 908 2279 transtulerit,
956 2225 1070 2267 inter
1115 2236 1190 2267 eos
1235 2223 1308 2279 qui
1359 2222 1602 2265 Homerum

148 2297 420 2352 interpretati
459 2299 560 2339 sunt
592 2297 735 2339 locum
772 2296 954 2348 obtinet,
997 2308 1084 2338 non
1118 2295 1230 2337 inter
1262 2297 1412 2350 poetas
1449 2292 1523 2348 qui
1556 2304 1608 2334 ex

149 2379 303 2423 graeco
332 2367 496 2422 aliquid
523 2366 593 2409 alii
624 2367 835 2410 intextum
864 2366 1073 2409 materiae
1101 2365 1145 2407 in
1179 2378 1306 2407 usum
1336 2364 1603 2420 peculiarem

149 2437 458 2481 converterint.
489 2436 694 2481 Ceterum
734 2437 916 2480 Homeri
951 2436 1219 2480 carminibus
1255 2439 1415 2491 quanta
1450 2433 1606 2477 Cicero

193 2602 221 2632 1.
243 2600 291 2633 cf.
314 2601 499 2640 Wssicimnr,
521 2601 650 2634 Poetar.
674 2601 763 2634 latin.
788 2591 901 2642 reliq.,'
916 2610 946 2641 p.
970 2601 1021 2639 SG,
1043 2600 1093 2632 87.

192 2649 222 2680 2.
244 2650 366 2687 Hem-13,
392 2649 522 2691 Verqil„
542 2649 614 2681 edit.
637 2651 759 2689 quarta,
780 2648 897 2681 curavit
916 2648 973 2680 Ph.
995 2648 1140 2687 Wagner.

193 2696 223 2728 3.
246 2698 456 2738 WERNSDORF‚
478 2698 566 2729 Poec.
590 2696 644 2730 lat.
665 2697 754 2737 min„
777 2698 798 2729 t.
820 2697 875 2731 lv,
895 2704 968 2737 pars
987 2696 1018 2734 2,
1039 2703 1070 2735 p.
1093 2695 1162 2726 572.
