1914 3094
609 302 760 332 ITALICI
791 302 899 332 1L1As
929 303 1079 333 LATINA
1524 292 1573 332 37

119 381 414 437 lIortaturque
442 381 576 424 duces
598 381 856 436 animosque
880 381 922 422 in
946 382 1110 436 proelia
1134 382 1290 425 firmat.

114 459 214 502 Mox
236 459 328 514 ipse
356 459 399 501 in
428 458 594 501 medios
617 458 759 500 audax
779 470 824 499 se
845 458 1023 514 proripit
1049 459 1196 501 hostes

116 536 437 591 Oppositasquo
460 535 576 578 acies
604 535 755 577 stricto
777 534 1026 577 diverberat
1047 548 1167 578 ense.

117 612 174 656 L't
195 612 386 667 Libycus
409 624 507 655 cum
530 611 639 653 forte
661 611 727 653 leo
750 611 901 666 procul
924 612 1096 667 agmina
1118 612 1225 655 vidit
1490 615 1575 656 500

115 689 250 731 Laeta
270 689 400 731 boum
422 688 587 744 passim
608 688 770 730 virides
794 700 941 731 errare
960 701 1037 744 per
1058 689 1234 742 herbas,

113 764 284 808 Attollit
304 765 472 807 cervice
489 764 619 818 jubas
642 764 882 819 sitiensque
905 765 1074 807 cruoris

114 840 165 883 In
186 841 374 883 mediam
397 844 540 883 erecto
564 840 787 882 contendit
808 846 984 895 pectore
1007 841 1180 884 turbam
1206 855 1215 884 ε

117 916 189 960 Sic
209 917 329 959 serus
353 917 531 959 Atrides
553 917 761 958 adversos
787 917 924 959 fertur
945 917 988 958 in
1011 917 1158 960 hostes

115 992 391 1048 Infestasque
412 994 636 1049 Phrygum
659 994 883 1048 proturbat
912 994 1093 1049 cuspide
1120 997 1304 1037 turmas.
1489 998 1574 1039 505

114 1069 265 1113 Virtus
288 1070 403 1112 clara
431 1070 555 1112 ducis
584 1070 699 1112 vires
727 1071 926 1113 ascendit
947 1071 1179 1125 Achivum,

113 1145 170 1188 Et
191 1159 290 1201 spes
310 1147 481 1189 exacuit
501 1147 752 1202 languentia
776 1147 924 1190 militis
946 1161 1066 1190 arma
1094 1162 1102 1191 ε

114 1220 378 1265 Funduntur
404 1223 577 1276 Teucri,
601 1222 743 1265 Danai
766 1224 983 1267 laetantur
1003 1229 1200 1268 ovantes.

115 1297 310 1341 Tandem
331 1299 402 1342 hie
422 1299 603 1341 Aenean
625 1299 823 1342 immisso
846 1301 1024 1343 tendere
1046 1314 1174 1344 curru

114 1374 337 1431 Conspicit
356 1375 534 1418 Atrides
557 1376 795 1432 strictoque
817 1390 1048 1420 occurrere
1071 1379 1185 1422 ferro
1488 1382 1573 1424 510

114 1451 348 1508 Comparat
376 1456 416 1495 et
433 1452 644 1507 jaculum,
668 1457 854 1508 quantas
882 1454 1002 1496 furor
1028 1455 1122 1509 ipse
1146 1455 1363 1510 movebat,

116 1529 294 1572 Viribus
323 1529 557 1584 intorquet,
582 1529 698 1584 quod
720 1529 873 1572 detulit
894 1543 1016 1573 error
1037 1531 1089 1573 ab
1113 1531 1187 1574 illo

112 1606 274 1648 Pectus
296 1606 339 1647 in
361 1605 538 1660 aurigae
563 1606 875 1661 stomachoque
898 1607 1090 1662 infigitur
1116 1609 1202 1651 alto
1229 1623 1237 1651 ε

113 1681 191 1724 Ille
213 1695 346 1724 ruens
368 1682 455 1724 ictu
478 1682 621 1724 media
645 1682 758 1724 inter
778 1683 869 1725 lora
891 1686 1097 1740 rotasque

114 1758 313 1802 Volvitur
334 1763 376 1801 et
396 1759 527 1800 vitam
550 1759 690 1801 calido
711 1772 809 1801 cum
834 1761 1046 1815 sanguino
1069 1762 1229 1805 fundit.
1489 1766 1572 1806 515

113 2000 181 2036 497
207 2000 434 2046 animosque]
466 2003 606 2036 animos
627 2002 716 2036 MN
744 2005 755 2045 l}
788 2003 833 2036 ad
864 2004 997 2045 praelia
1015 2004 1063 2037 A.
1088 2006 1104 2046 11
1134 2003 1197 2038 501
1230 2004 1375 2050 herbas]
1395 2016 1503 2048 agros
1523 2007 1572 2041 A.

208 2054 311 2094 {1502
341 2056 460 2089 iubam
493 2057 541 2089 R.
575 2055 591 2096 ΙΙ
620 2056 686 2089 503
717 2058 927 2090 conscendit
956 2058 989 2091 A
1007 2058 1034 2090 1.
1060 2057 1076 2097 ΙΙ
1105 2058 1185 2101 501,
1209 2058 1276 2092 505
1310 2058 1439 2093 desunt
1474 2060 1510 2094 in
1543 2061 1572 2094 1.

208 2111 225 2151 ΙΙ
243 2108 311 2144 505
326 2111 495 2143 lnscstam
511 2129 557 2134 —-
571 2115 726 2144 turmam
745 2112 786 2144 M
802 2112 834 2144 N
854 2113 1005 2145 Infestas
1020 2115 1217 2146 —turmas
1233 2114 1340 2147 ceteri
1355 2114 1365 2154 Η
1388 2114 1576 2155 perturbat

207 2163 237 2197 B
252 2163 287 2196 V
309 2163 475 2197 turbabat
496 2164 543 2197 Y.
564 2162 580 2202 ΙΙ
602 2164 755 2197 {jos-612
775 2164 905 2199 desunt
930 2167 968 2199 ‘in
991 2166 1018 2199 1.
1039 2168 1055 2208 ΙΙ
1085 2165 1151 2198 509
1178 2168 1247 2200 huc
1268 2167 1293 2200 S
1315 2169 1326 2208 ll
1353 2167 1515 2202 admisso
1542 2168 1573 2202 E

206 2216 270 2250 m?
282 2216 435 2249 dimisso
456 2217 491 2249 Υ
506 2218 620 2250 misso
634 2218 669 2250 Υ
686 2220 696 2259 s¹
715 2219 933 2251 contendere
953 2219 989 2251 Υ
1001 2219 1027 2251 F
1049 2219 1270 2253 contondere
1284 2220 1326 2253 B.
1339 2218 1434 2258 11510
1450 2223 1574 2255 stricto

207 2279 423 2303 concurrere
438 2271 471 2303 R
486 2270 521 2303 Υ
543 2272 667 2303 stricto
687 2275 722 2304 et
748 2280 963 2305 concurrere
991 2273 1029 2305 S.
1054 2271 1070 2310 ΙΙ
1093 2271 1156 2305 511
1188 2272 1276 2306 Cum
1306 2277 1406 2315 parat
1426 2274 1462 2307 A
1483 2275 1574 2309 Hinc

206 2326 309 2365 parat
327 2323 364 2357 Υ
383 2324 540 2365 Apparet
561 2323 590 2356 B
613 2324 652 2356 Et
682 2329 783 2365 parat
804 2325 833 2357 F
854 2328 865 2367 ff
889 2329 1064 2367 quantum
1092 2334 1209 2359 omnes
1238 2326 1407 2371 (quantus
1436 2327 1465 2360 L
1490 2337 1525 2361 m
1552 2328 1574 2361 Ξ)

207 2384 252 2410 eae
271 2374 376 2419 corr.)
409 2376 420 2416 l]
453 2376 623 2410 mouebat
649 2377 725 2411 FN
743 2378 770 2410 Β
798 2378 967 2411 manebat
987 2378 1022 2412 Y
1046 2378 1216 2412 monebat
1235 2379 1355 2414 ceteri.
1380 2377 1396 2417 ll
1419 2379 1487 2413 512
1508 2381 1570 2415 de-

205 2429 297 2472 pulit
316 2438 448 2464 omnes.
475 2429 491 2469 ΙΙ
513 2429 581 2463 515
602 2430 693 2464 fudit
714 2431 803 2464 MN
826 2438 930 2476 (corr.
955 2441 988 2465 m
1017 2431 1031 2464 1
1060 2431 1120 2473 Ε).

118 2637 122 2641 .
152 2592 215 2669 s-“a'OtJ
237 2592 346 2671 [mesia
381 2595 422 2636 cf.
450 2598 508 2629 680
540 2600 568 2629 et
600 2608 678 2639 quae
704 2602 813 2632 narrat
841 2601 959 2633 Kooten
984 2601 1023 2632 ad
1050 2602 1189 2633 nostrum
1219 2607 1364 2635 versum;
1397 2597 1446 2628 hic
1472 2597 1573 2628 autem

116 2646 146 2668 in
164 2646 195 2669 es
214 2648 249 2670 us
268 2642 388 2673 munic.

157 2685 212 2715 311
237 2691 365 2725 quantas
388 2708 425 2712 —
447 2692 589 2723 movebat
611 2693 735 2734 IIoeusfl
755 2694 881 2734 quantis
901 2713 940 2717 —
961 2694 1108 2727 monebat
1131 2694 1220 2734 Hiql,
1241 2693 1367 2725 Κθθῖθη·

158 2733 215 2763 512
236 2733 347 2767 detulit
363 2735 529 2779 Schrader,
551 2740 639 2780 Jliqt.
