1914 3094
267 1073 350 1115 Hic
370 1077 600 1129 postquam
629 1073 830 1115 Danaum
856 1073 981 1129 longe
1012 1075 1211 1117 cedentia
1234 1076 1341 1118 vidit

265 1151 452 1205 Agmina
481 1150 668 1205 Tydides
691 1149 992 1206 tumidumque
1024 1151 1271 1194 inerescere
1301 1152 1502 1204 Martem,

266 1227 316 1270 In
339 1227 506 1269 medias
534 1227 667 1279 acies7
693 1239 777 1282 qua
799 1227 1013 1282 plurimus
1036 1227 1237 1270 imminet
1266 1229 1420 1281 hostis⁷

267 1304 398 1347 Irruit
425 1306 467 1346 et
491 1316 642 1346 versas
665 1304 902 1358 prosternit
929 1304 1061 1347 eaede
1085 1304 1346 1360 phalanges3

267 1381 366 1423 Huc
386 1380 489 1423 illue
516 1392 755 1436 ensemque
776 1380 897 1423 ferox
925 1380 1183 1436 hastamque
1206 1385 1424 1424 eoruseat.

267 1457 431 1500 Bellica
452 1457 597 1499 Pallas
620 1457 743 1500 adest
770 1457 1084 1512 flagrantiaque
1113 1457 1286 1512 ignibus
1309 1471 1429 1500 arma

267 1534 456 1589 Adjuvat
483 1536 611 1589 atque
634 1534 803 1576 animos
827 1534 976 1588 juveni
999 1535 1203 1590 viresque
1232 1534 1464 1577 ministrat.

266 1610 359 1664 Ille⁷
389 1611 519 1653 boum
541 1611 672 1653 veluti
694 1611 786 1653 viso
816 1623 945 1665 grege
969 1623 1098 1653 saeva
1124 1611 1294 1661 leaena,

267 1687 407 1740 Quam
430 1687 624 1730 stimulat
641 1688 789 1742 jejuna
812 1687 967 1740 fames,
1000 1687 1087 1730 ruit
1108 1688 1282 1742 agmina
1311 1690 1461 1731 eontra

264 1765 318 1807 Et
336 1766 551 1820 prostrata
572 1766 699 1806 necat
724 1776 888 1806 vesano
910 1776 1093 1819 corpora
1115 1764 1244 1806 dente
1269 1777 1277 1806 :

265 1841 339 1885 Sic
364 1840 450 1883 ruit
470 1841 512 1882 in
536 1840 702 1883 medios
729 1841 878 1883 hostes
897 1839 1164 1895 Calydonius
1187 1840 1334 1893 herOS,

264 1917 458 1973 Virginis
480 1917 723 1973 armigerae
744 1916 921 1960 monitis
944 1922 986 1960 et
1006 1917 1185 1959 numine
1207 1920 1341 1959 tutus.

1636 1153 1719 1194 390

1639 1539 1720 1578 395

264 2156 446 2193 Codices
458 2177 502 2181 —
513 2157 589 2192 Lib.
601 2157 631 2191 V
647 2157 723 2200 fere
737 2167 856 2192 omnes
871 2158 983 2202 (omis.
997 2157 1065 2193 Mi.
1081 2157 1180 2199 [1380
1194 2160 1251 2193 Sic
1265 2159 1294 2192 L
1310 2157 1383 2203 (sed
1399 2160 1419 2192 h
1434 2159 1501 2192 7712
1516 2167 1713 2203 salvament

356 2211 389 2244 N
404 2211 434 2244 R
452 2210 477 2244 S
500 2210 567 2243 Sed
589 2210 638 2244 Y.
663 2208 680 2249 ΙΙ
702 2210 770 2244 392
798 2214 1003 2253 prosternat
1022 2213 1068 2245 R.
1093 2210 1109 2250 ΙΙ
1135 2211 1202 2244 393
1225 2213 1321 2246 ferox
1342 2215 1427 2246 tune
1446 2222 1532 2246 ense
1552 2219 1713 2246 coruscat

356 2267 391 2298 et
413 2267 487 2296 asta
515 2264 555 2296 Μ
583 2264 605 2298 s.
632 2273 720 2297 ense
746 2273 772 2317 q
798 2273 872 2299 cor.
898 2268 933 2298 et
955 2268 1032 2298 asta
1058 2265 1093 2298 N
1115 2274 1250 2308 enseq;
1271 2266 1296 2299 s.
1320 2268 1469 2308 asiaque
1499 2266 1529 2299 F
1555 2275 1598 2299 eat
1623 2275 1712 2299 corr.

356 2323 467 2356 erasis
486 2321 654 2365 vii-milis,
671 2325 702 2356 et
716 2322 751 2356 A
769 2323 780 2363 Η
797 2326 961 2357 cruentat
975 2323 1007 2357 E
1020 2333 1053 2357 m
1068 2324 1090 2357 2
1110 2326 1255 2358 retorsit
1273 2324 1321 2358 Y.
1339 2323 1356 2363 ΙΙ
1378 2323 1446 2357 394
1468 2325 1639 2366 fulgentia
1662 2325 1713 2358 A.

355 2374 372 2415 11
391 2374 459 2408 398
488 2376 525 2407 tn
544 2376 614 2418 fine
636 2376 730 2409 serro
755 2375 804 2409 A.
826 2375 842 2416 ΙΙ
870 2375 939 2410 400
967 2378 1123 2410 tecmine
1143 2380 1242 2411 tutus
1266 2376 1462 2421 (suprascr.
1485 2379 1540 2411 uei
1564 2382 1712 2414 numine

353 2426 450 2471 diue)
470 2428 500 2462 F
517 2437 668 2462 munere
688 2428 714 2462 S
730 2429 741 2469 Η
760 2429 922 2472 Virginis
942 2432 976 2463 et
999 2438 1130 2464 nomen
1152 2431 1300 2465 monitis
1327 2431 1517 2473 occiugere
1544 2434 1641 2465 tutus
1664 2433 1709 2466 A.

301 2576 359 2606 389
379 2578 436 2609 Sed
464 2577 650 2619 Wernsdors
661 2578 826 2620 praetulit.

300 2624 358 2653 396
379 2624 445 2664 Ille]
468 2627 564 2665 Atque
583 2626 735 2657 Baehrens
757 2626 829 2658 Inde
852 2626 967 2658 isooten
990 2627 1017 2657 in
1040 2628 1102 2658 nol.

300 2671 358 2702 400
380 2671 542 2704 armiferae
562 2672 691 2711 Kooten,
707 2673 773 2713 jtlm
798 2673 984 2714 Wernsdorf
1000 2674 1175 2715 suspicatus
1196 2675 1273 2705 erat.
