1914 3094
725 220 776 249 DE
806 219 944 249 ILIADE
974 220 1123 250 LATINA
1617 224 1653 250 X}

193 299 325 341 tricae
377 299 636 350 sinceritaS,
678 298 894 353 reliquum
935 301 1002 341 est
1044 301 1090 341 ut
1134 299 1407 353 inquiramus
1447 312 1501 342 an
1542 300 1651 343 sorte

193 369 426 425 quicquam
466 369 519 412 ab
553 369 667 411 illius
702 368 856 411 aetatis
888 381 1089 411 sermone
1121 369 1341 412 insuetum
1380 370 1423 412 in
1458 371 1651 412 carmine

192 442 340 482 nostro
379 439 512 482 Iliaco
551 439 793 494 displiceat.
832 438 878 482 Si
912 438 1018 481 nihil
1053 439 1146 494 ejus
1180 439 1297 482 modi
1329 440 1504 493 incidit,
1542 441 1645 495 quid

193 510 335 553 obstat
379 510 612 565 quominus
649 509 789 565 primo
831 510 1006 552 saeculo
1045 510 1294 566 Epitomam
1338 510 1652 565 assignemus?

192 580 398 636 Principe
436 580 719 623 Lachmanno
761 579 769 600 1
808 580 938 622 istam
976 580 1090 622 viam
1134 583 1422 633 monstrante,
1464 581 1649 623 feliciter

192 663 450 707 progressus
485 654 552 693 est
587 649 808 694 Lucianus
842 650 1029 694 Mueller
1059 649 1093 704 2;
1122 664 1308 707 quorum
1344 651 1646 694 auctoritatem

191 721 440 776 nuperrime
488 721 618 763 etiam
664 735 740 763 sua
798 722 1054 765 auctoritate
1100 723 1386 766 communivit
1429 722 1644 765 Aemilius

190 791 416 834 Baehrens
439 798 469 833 3.

248 861 481 917 Equidem,
503 867 734 918 postquam
758 876 835 919 pro
861 863 1028 906 viribus
1054 864 1285 919 diligenter
1312 864 1516 920 indagavi
1540 878 1649 920 quas

189 944 317 975 voces
346 937 495 976 noster
521 934 784 988 adhibuerit,
820 947 950 990 quem
980 935 1023 976 in
1058 935 1255 977 ordinem
1286 935 1521 990 redegerit,
1552 935 1650 990 qui—

188 1003 270 1046 hus
303 1004 444 1046 modis
484 1005 776 1060 conjunxerit,
812 1005 898 1047 illis
936 1005 1203 1048 doctissimis
1241 1005 1346 1048 viris
1379 1019 1466 1048 non
1496 1019 1650 1049 vereor

189 1075 409 1117 assentiri.
450 1075 645 1119 Verbum
685 1076 860 1131 quidem
901 1077 1095 1131 rimare,
1135 1078 1250 1133 quod
1291 1077 1486 1120 redoleat
1525 1080 1649 1120 vetus

188 1145 407 1200 quoddam
430 1149 559 1202 atque
589 1147 642 1188 ab
669 1148 831 1203 optima
852 1148 973 1190 latini
998 1148 1215 1190 sermonis
1237 1151 1379 1191 aetate
1403 1148 1645 1200 insuetum,

187 1215 489 1271 Bernhardyio
514 1220 527 1241 ‘⁴
550 1217 813 1272 suspicionis
834 1218 998 1274 aliquid
1018 1218 1206 1261 movisse
1227 1219 1416 1262 videtur.
1436 1218 1510 1263 Sic
1532 1219 1646 1262 enim

187 1298 364 1329 versum
386 1289 470 1333 [15ss
492 1288 677 1343 legimus
702 1302 711 1331 :

399 1399 575 1451 Undique
596 1400 783 1439 rimaliant
802 1400 954 1440 inimico
974 1414 1129 1453 corpora
1151 1402 1263 1441 serre.

247 1504 353 1549 Cum
397 1512 541 1549 autem
583 1507 763 1550 verbum
804 1508 1026 1564 deponens
1067 1509 1235 1552 rimari
1268 1508 1505 1564 Vergilius,
1544 1507 1649 1551 Ovi-

189 1576 304 1630 diuS,
329 1578 401 1619 alii
436 1581 586 1633 postea
622 1584 900 1634 usurparent,
924 1579 1061 1635 figura
1095 1593 1205 1635 quae
1240 1583 1306 1623 ost
1337 1580 1509 1623 rinmre
1535 1580 1649 1635 apud

188 1650 458 1705 antiquiores
492 1650 673 1694 obtinet.
706 1651 820 1694 Vide
853 1652 962 1694 haec
997 1652 1197 1705 Pacuvii,
1229 1664 1270 1694 V.
1308 1654 1378 1705 721,
1412 1665 1454 1707 p.
1487 1654 1558 1706 85,
1595 1650 1647 1694 Ο.

187 1718 335 1773 Rihb.,
362 1720 430 1762 ed.
455 1721 550 1772 alt„
572 1734 641 1776 ap.
667 1721 801 1775 Noa,
827 1724 928 1776 382,
953 1724 978 1763 7
1006 1736 1014 1765 :

400 1825 498 1865 Cum
521 1826 684 1866 incultos
708 1827 965 1880 pervestigans
985 1827 1164 1867 rimarem
1185 1828 1306 1867 sinus.

184 1946 224 1974 v.
250 1935 349 1983 203,
375 1946 417 1988 p.
441 1935 543 1986 101,
569 1932 621 1977 Ο.
650 1934 798 1989 Ribb.,
824 1948 893 1991 ap.
917 1935 1051 1987 Non„
1077 1937 1178 1988 382,
1203 1937 1228 1977 8
1255 1949 1263 1977 ;

395 2046 472 2085 Aut
493 2050 711 2098 stagnorum
732 2046 949 2086 umidorum
971 2047 1149 2086 rimarem
1171 2046 1265 2087 loca.

242 2153 367 2196 Adde
402 2154 556 2197 incerti
590 2155 742 2210 tragici
776 2159 929 2210 poetae
965 2156 1083 2199 hunc
1115 2169 1310 2209 versum,
1347 2169 1476 2212 quem
1511 2155 1647 2199 codex

182 2223 302 2268 Festi
328 2229 371 2268 ut
394 2226 592 2282 sequitur
615 2227 787 2269 exhibet
809 2225 877 2283 (O.
904 2227 1052 2279 Ribb.,
1076 2239 1117 2269 v.
1144 2229 1215 2280 83,
1246 2240 1286 2283 p.
1312 2227 1411 2284 Mo)
1439 2241 1448 2270 :

342 2337 389 2376 Et
409 2350 476 2389 ego
499 2336 560 2377 iho
582 2341 627 2377 ut
646 2337 809 2378 latebras
827 2351 991 2392 ruspans
1011 2338 1190 2379 rimeram
1212 2338 1388 2391 aptimas,

228 2463 256 2492 1.
277 2461 378 2492 Klein.
400 2461 546 2502 Sclirifl„
568 2464 608 2502 II,
632 2464 700 2494 161.

227 2510 257 2539 2.
281 2508 377 2540 Ueber
397 2509 453 2540 den
473 2510 571 2542 Ausz.
594 2510 648 2541 der
667 2510 758 2549 Ilias,
780 2510 811 2542 in
831 2510 1035 2551 praefatione.

225 2558 253 2586 3.
276 2557 454 2595 Bffiunssxs,
476 2557 564 2588 Poet.
593 2557 648 2589 lat.
669 2558 760 2598 min„
786 2560 807 2589 t.
836 2559 889 2597 ΙΙΙ,
911 2559 1062 2600 praefat„
1093 2568 1124 2600 p.
1153 2560 1182 2591 3.
1204 2577 1244 2582 —
1267 2558 1316 2590 Cf.
1338 2559 1481 2590 Maumcu
1508 2559 1645 2590 I‘IAUPTH

181 2602 353 2644 Opusczda,
379 2607 401 2635 t.
423 2605 464 2643 ll,
488 2614 517 2645 p.
541 2605 611 2636 163.

223 2651 253 2682 4.
273 2650 445 2683 Grandi-iss
463 2652 518 2683 der
535 2661 631 2685 roem.
653 2652 754 2693 liter„
776 2653 870 2686 editio
893 2654 1012 2695 quinta,
1030 2663 1062 2695 p.
1085 2655 1143 2686 523
1165 2654 1194 2696 (ἓ
1214 2654 1264 2694 84,
1288 2662 1319 2686 n.
1343 2654 1433 2696 394).
