1914 3094
706 268 856 297 ITALICI
886 267 995 298 ILIAS
1025 267 1174 297 LATINA

212 346 518 403 Dilaccratque
546 358 695 389 comas
726 358 978 401 annosaque
1002 348 1176 401 pectora
1199 346 1378 401 plangit.

212 422 312 466 Mox
334 423 406 465 ubi
425 422 609 479 depositi
632 423 818 477 gemitus
835 422 1131 477 lacrimaeque
1149 422 1369 477 quierunt,

211 498 396 542 Fatidici
419 512 566 542 sacras
595 499 827 554 compellat
853 499 1034 541 vocibus
1057 511 1185 541 aures
1212 511 1221 540 ε

214 593 233 613 «
260 576 372 628 Quid
394 575 582 618 coluisse
603 575 707 616 milli
733 579 802 617 tua
832 575 1028 629 numina,
1052 574 1280 631 Delphice,
1312 575 1489 631 prodest

209 653 298 695 Aut
318 655 482 695 castam
505 651 663 694 multos
685 651 818 694 vitam
840 652 1017 694 duxisse
1046 664 1123 707 per
1149 650 1326 695 annos?

211 728 379 781 Quidve
395 728 518 783 juvat
542 740 691 770 sacros
713 728 915 783 posuisse
936 728 1146 770 altaribus
1168 728 1308 784 ignes,

210 804 254 848 Si
278 810 378 848 tuus
400 807 576 846 externo
594 804 684 858 ι13111
707 817 890 859 spernor
910 805 963 846 ab
984 805 1109 847 hoste
1132 805 1338 848 sacerdos
1354 807 1374 848 ⁶?

207 881 290 932 En,
314 881 423 924 haec
446 881 647 923 desertae
669 881 913 924 redduntur
934 881 1045 924 dona
1070 884 1305 925 senectae?

209 956 254 1001 Si
277 959 424 1012 gratus
447 957 524 1000 tibi
546 970 661 1008 sum,
687 957 766 999 sim
790 961 832 1000 te
860 957 940 1000 sub
961 958 1134 1000 vindice
1161 961 1296 1001 tutus,

204 1034 293 1077 Aut
320 1034 355 1076 si
377 1046 478 1089 qua,
508 1037 555 1077 ut
575 1034 741 1076 luerem
764 1034 844 1077 sub
866 1034 1023 1077 acerbo
1045 1035 1228 1078 crimine
1250 1047 1453 1091 poenam,

205 1109 377 1153 Inscius
400 1109 573 1163 admisi,
602 1123 680 1152 cur
701 1123 725 1153 o
747 1112 820 1153 tua
842 1110 1019 1154 dextera
1044 1112 1221 1154 cessat?

204 1187 346 1230 Posce
367 1199 516 1230 sacros
538 1199 683 1240 arcus,
708 1187 752 1229 in
775 1200 842 1230 me
871 1190 944 1230 tua
974 1187 1120 1243 derige
1142 1188 1224 1230 tela
1251 1201 1260 1231 :

203 1263 371 1307 Auctor
389 1264 542 1306 mortis
570 1264 653 1307 erit
680 1267 797 1307 certe
822 1265 946 1307 deus.
972 1264 1088 1307 Ecce
1110 1267 1350 1308 merentem

206 1339 313 1396 Fige
340 1344 508 1396 patrem
532 1353 541 1382 ε
567 1354 645 1382 cur
666 1344 764 1383 nata
789 1341 868 1383 luit
891 1345 1070 1396 peccata
1091 1341 1284 1397 parentis

203 1416 347 1473 Atque
372 1417 512 1459 hostis
534 1417 631 1459 duri
654 1418 815 1473 patitur
836 1417 1087 1460 miseranda
1115 1418 1255 1461 cubile
1272 1420 1292 1460 ἰ)
1321 1436 1340 1457 >›

202 1492 342 1546 Dixit3
367 1496 411 1537 at
434 1494 505 1536 ille
527 1494 594 1536 sui
614 1494 727 1536 vatis
750 1506 880 1549 prece
902 1497 1045 1537 motus
1068 1494 1238 1537 acerbis

202 1568 414 1612 Luctibus
434 1569 611 1612 infestat
631 1570 808 1612 Danaos
830 1573 1086 1625 pestemque
1107 1583 1185 1626 per
1207 1583 1359 1614 omnes

202 1645 402 1689 Immittit
422 1646 605 1702 populos
631 1659 639 1689 :
665 1647 818 1701 vulgus
841 1646 927 1689 ruit
948 1647 1141 1703 undique
1164 1646 1360 1702 Grajum,

1615 427 1669 467 30

1613 810 1667 856 35

1611 1193 1665 1238 [ιΟ

1608 1578 1662 1622 [15

199 1827 243 1863 :29
260 1831 404 1871 pectora
425 1828 507 1862 EM
524 1831 685 1870 tempora
706 1829 825 1862 ceteri.
839 1827 856 1867 ΙΙ
877 1828 917 1862 31
943 1829 1089 1862 Fatidici
1104 1829 1139 1862 A
1153 1830 1321 1864 Fatidicis
1342 1831 1663 1869 LFVMNBTC

291 1881 466 1916 Vatidicis
507 1880 587 1915 EG
619 1884 631 1924 Η
664 1882 848 1924 compellit
883 1882 1145 1916 LNBGSY
1173 1884 1343 1925 conpellit
1368 1885 1409 1918 M
1448 1885 1459 1925 Η
1495 1896 1575 1920 aras
1605 1888 1660 1921 uel

292 1944 398 1968 aures
418 1933 534 1968 Emi.
559 1934 575 1975 ΙΙ
597 1933 642 1966 33
664 1934 704 1967 Et
723 1934 880 1978 (acoron,
903 1936 942 1968 ut
962 1934 1178 1969 Baehrensio
1199 1935 1354 1980 videtur)
1378 1937 1409 1971 Ε
1432 1939 1443 1979 Η
1466 1947 1605 1973 cassam
1627 1940 1662 1975 T

292 1986 304 2026 ΙΙ
333 1988 466 2021 multos
495 1989 606 2020 uitam
634 1987 711 2020 ΕΒ
739 1989 851 2021 uitam
879 1988 1013 2021 multos
1040 1988 1149 2021 ceteri
1175 1988 1187 2028 il
1217 1988 1275 2031 33,
1295 1989 1341 2023 34
1367 1990 1507 2025 inverso
1537 1991 1661 2027 ordine

291 2039 461 2084 leguntur
483 2041 521 2073 in
543 2040 582 2075 S.
607 2042 624 2082 ΙΙ
646 2040 691 2073 34
711 2040 804 2083 Quid
824 2042 946 2074 ueniat
967 2040 1014 2074 T.
1034 2041 1111 2083 1135
1128 2042 1185 2075 Sic
1204 2042 1245 2075 Μ
1263 2040 1362 2084 lljam
1384 2044 1551 2089 spernor]
1574 2055 1659 2080 0011-

289 2096 432 2126 temnor
457 2092 495 2127 S.
513 2091 530 2131 11
551 2092 596 2125 37
619 2093 675 2126 Sic
695 2093 729 2126 N
744 2093 773 2126 C
794 2093 856 2126 tibi
875 2102 955 2127 sum
976 2103 1032 2135 gr.
1049 2093 1131 2127 GN
1146 2097 1157 2137 Η
1182 2093 1266 2138 sim]
1290 2104 1369 2128 sum
1390 2096 1426 2129 N
1444 2098 1473 2130 si
1495 2097 1536 2131 M
1559 2100 1611 2133 sic
1633 2100 1662 2132 C

293 2147 304 2187 ΙΙ
332 2145 477 2179 uindice
497 2145 623 2179 EFV
645 2146 688 2189 (B
715 2146 918 2190 suprascr.)
942 2146 1062 2180 iudice
1085 2147 1205 2181 ceteri.
1228 2147 1244 2187 ΙΙ
1270 2147 1314 2181 38
1334 2149 1376 2182 At
1402 2149 1428 2183 S
1457 2150 1531 2193 (aut
1557 2160 1602 2185 eoe
1627 2156 1662 2186 at

289 2207 381 2233 corr.
398 2199 443 2240 Ε)
462 2200 474 2241 [Ι
500 2199 533 2232 Si
556 2197 627 2241 (1115
647 2203 685 2232 111
706 2200 737 2232 Ε
754 2200 784 2233 L
798 2199 828 2233 F
843 2199 877 2233 V
895 2202 923 2233 si
946 2197 1020 2243 (1υεῖ
1043 2207 1138 2236 ἐξ
1159 2197 1269 2244 (eras.
1285 2200 1335 2244 ut)
1358 2202 1388 2235 B
1411 2204 1439 2235 si
1462 2212 1553 2246 quas
1575 2202 1657 2249 (0111.

291 2251 344 2295 ut)
365 2252 452 2286 MT
474 2253 503 2285 si
526 2252 614 2294 quid
635 2256 674 2286 ut
691 2253 726 2286 N
740 2252 773 2286 G
787 2253 824 2286 Y
848 2262 941 2296 quae
961 2253 996 2287 A
1017 2253 1028 2294 Η
1051 2262 1185 2295 poenas
1205 2254 1247 2287 M
1264 2254 1297 2288 G
1311 2254 1345 2288 A
1369 2254 1517 2300 p(o)en5
1537 2258 1658 2292 ceteri.

289 2308 308 2349 ΙΙ
325 2305 371 2338 40
391 2305 508 2347 dirige
528 2315 645 2340 omnes
667 2307 684 2347 ΙΙ
705 2305 745 2339 41
773 2306 956 2340 dolentem
977 2307 1024 2341 A.
1046 2304 1063 2344 ΙΙ
1084 2304 1130 2340 42
1157 2307 1242 2349 Fige
1268 2313 1408 2349 patrem
1431 2308 1509 2353 cur]
1538 2311 1659 2346 Pande

288 2360 396 2394 etiam
417 2368 481 2392 cur
501 2359 532 2393 1.
549 2361 566 2402 [1
588 2358 634 2394 44
654 2360 797 2393 Dixerat
817 2369 937 2394 omnes
953 2357 965 2398 il
981 2369 1088 2403 prece
1108 2361 1202 2394 uatis
1218 2364 1338 2395 motus
1358 2361 1392 2395 N
1417 2366 1536 2397 motus
1552 2373 1659 2406 prece

290 2413 382 2445 uatis
403 2411 432 2444 B
449 2411 496 2445 A.

237 2536 275 2567 29
296 2539 434 2580 tempora
454 2541 584 2580 Kooten,
599 2541 740 2573 Mueller.

238 2584 273 2614 31
297 2593 364 2617 aras
390 2587 582 2628 ll'ernsdorf.
603 2589 745 2629 illueller,
761 2589 931 2622 Baehrens.

237 2630 276 2661 40
296 2631 401 2673 derige
422 2635 588 2667 Baehrens.

239 2678 278 2708 44
299 2679 398 2719 Dixit;
421 2684 451 2713 at
472 2683 627 2715 Baehrens
647 2683 699 2724 (cf.
721 2693 751 2716 v.
775 2684 852 2725 96).”
