1914 3094
674 230 725 259 DE
755 229 892 258 ILIADE
922 230 1071 259 LATINA
1508 236 1602 262 vali

144 310 364 366 eleganter
391 309 609 352 disseruit.
640 308 816 352 Leviter
846 311 1007 362 tamon,
1042 322 1110 351 mo
1139 309 1304 363 judice,
1339 312 1404 353 vir
1437 313 1599 356 doctis-

145 382 281 423 simus
310 380 696 436 reprehendendus
726 382 792 422 est
819 380 933 434 quod
958 393 980 421 0
1009 380 1232 423 codicibus
1262 382 1326 423 vel
1356 383 1498 437 pravis
1531 385 1598 426 vel

143 452 347 503 incertis,
382 450 734 505 Annabcrgensi,
773 449 1167 503 Holmestadiensi‚
1205 452 1300 493 aliis
1340 466 1596 507 supervaca-

143 535 269 564 ncam
292 522 542 563 varietatem
562 521 736 575 saepius
759 521 1019 576 excerpserit
1045 535 1183 576 neque
1206 522 1387 564 candem
1405 523 1597 566 intexert¹

143 592 184 633 iu
214 594 467 647 apparatum
498 603 583 632 non
613 591 671 632 ita
698 591 954 645 productum
985 591 1262 633 dubitaverit.

200 662 458 704 Baelircnsii
492 661 726 703 editionem
756 661 1003 716 vituperare
1036 662 1161 704 facile
1190 665 1271 715 ost,
1304 664 1595 718 periculosum

142 735 308 783 autom,
346 731 470 785 nobis
510 731 765 786 pracsertim
807 731 879 786 qui
919 736 1171 786 apparatum
1213 733 1414 775 criticum
1449 748 1473 777 a
1506 736 1599 778 viro

141 801 393 844 doctissimo
422 801 666 843 institutum
689 801 801 843 bona
825 814 875 842 ex
904 804 1024 856 parte
1048 802 1117 844 hic
1144 803 1430 846 reddidimus.
1454 805 1596 848 Nimis

140 872 313 927 quidem
370 871 582 913 Aemilius
633 872 860 914 Baehrens
913 872 963 914 ad
1017 873 1310 927 conjecturam
1364 876 1556 931 confugit
1583 891 1592 928 ;

139 946 327 984 attamen
355 956 408 983 ne
437 942 632 997 graviore
664 955 766 984 voce
788 942 908 985 illum
930 943 1131 998 increpes
1157 957 1165 985 :
1191 944 1317 986 liccat
1337 946 1428 988 viro
1451 947 1594 990 eximii

138 1013 297 1068 ingenii
344 1012 561 1055 interdum
605 1012 767 1068 aliquid
813 1026 968 1055 ausum
1017 1026 1141 1068 esse,
1182 1015 1311 1057 liceat
1353 1016 1594 1060 innumeris

137 1084 370 1138 arduisque
410 1084 614 1139 operibus
652 1084 815 1126 intento
854 1084 1074 1127 interdum
1105 1086 1336 1128 erravisse.
1369 1087 1436 1129 Ad
1473 1087 1593 1131 Itali-

135 1167 233 1196 cum
275 1154 596 1197 emendandum
637 1155 753 1197 haud
793 1155 977 1207 frustra,
1020 1155 1184 1209 hercle,
1228 1170 1460 1212 aggressus
1500 1162 1588 1206 est:

135 1224 308 1267 codices
330 1226 419 1267 sere
441 1237 592 1267 omnes
618 1225 864 1268 accuratius
887 1227 1089 1277 contulit;
1116 1225 1148 1270 Ι.
1170 1230 1212 1269 et
1237 1226 1270 1270 Ε
1293 1229 1449 1271 ceteris
1471 1243 1593 1285 prac-

134 1298 248 1337 stare
277 1296 570 1348 confirmavit3
602 1294 654 1348 Β,
689 1295 750 1350 Μ,
784 1294 841 1348 Ν,
870 1294 905 1338 V
928 1297 1094 1351 primus
1117 1299 1358 1350 recensuitg
1386 1301 1591 1343 nonnulla

133 1366 292 1420 optime
313 1366 515 1418 correxit,
539 1367 637 1409 vide
658 1380 697 1408 v.
724 1368 824 1419 137,
850 1369 951 1420 257,
978 1369 1080 1422 325,
1105 1368 1206 1421 560,
1231 1371 1332 1420 627,
1358 1372 1459 1423 (5ῄὸ,
1485 1373 1586 1425 eto,

131 1437 270 1492 plura,
308 1438 397 1480 sive
428 1437 471 1479 in
500 1440 633 1491 textu,
660 1438 749 1480 sive
783 1437 825 1479 in
860 1438 990 1493 uotis,
1020 1439 1135 1481 haud
1165 1439 1317 1482 leviter
1344 1442 1589 1496 respuenda

132 1508 330 1562 conjecit.

189 1577 286 1620 Jam
316 1581 488 1632 praeter
523 1578 619 1621 illos
652 1579 725 1634 qui
761 1591 937 1621 carmen
971 1584 1167 1622 nostrum
1203 1581 1448 1635 ediderunt,
1478 1595 1587 1625 non-

130 1648 234 1690 nulli
264 1649 317 1690 ad
347 1652 506 1690 textum
536 1649 780 1691 sanandum
807 1652 894 1691 tam
923 1650 1097 1705 ingenio
1128 1664 1257 1705 quam
1280 1652 1477 1695 doctrina
1499 1653 1588 1696 feli-

129 1719 236 1762 citer
263 1720 458 1775 aggressi
487 1724 588 1763 sunt
624 1734 632 1762 ε
666 1720 779 1763 inter
813 1733 921 1775 quos
955 1722 1172 1764 nominari
1206 1726 1430 1765 merentur
1462 1724 1584 1780 Higt,

126 1789 352 1833 Johannes
375 1789 611 1844 Schrader,
631 1791 791 1834 Petrus
814 1791 1012 1834 Bondam
1032 1793 1104 1848 qui
1125 1793 1375 1836 nominibus
1397 1796 1585 1850 propriis

126 1861 407 1903 restituendis
437 1874 612 1917 operam
641 1863 821 1905 multam
846 1863 1019 1906 navavit
1041 1866 1069 1915 ¹,
1097 1863 1310 1906 Antonius
1334 1865 1387 1907 de
1410 1866 1531 1921 Rooy

124 1931 165 1974 J.
190 1944 272 1973 van
301 1932 378 1974 der
403 1932 579 1975 Dussen
606 1936 636 1985 ³,
666 1932 796 1976 ιῙ.-ΙΙ.
824 1933 1001 1976 Hoeusst
1020 1937 1050 1987 ³,
1077 1934 1257 1977 Carolus
1289 1935 1479 1979 Schenkl
1510 1938 1580 1992 qui

124 2001 468 2046 Laurentianum
499 2002 530 2047 F
560 2004 725 2059 primus
754 2005 1015 2047 examinavit
1036 2009 1077 2047 et
1098 2006 1330 2061 diligenter
1351 2008 1533 2050 contulit
1549 2011 1578 2050 ὅ.

125 2072 293 2126 Quibus
332 2078 475 2117 autem
517 2074 786 2118 Ludovicum
826 2076 969 2119 Havet
1006 2090 1123 2119 nunc
1164 2078 1440 2120 adiciendum
1484 2092 1581 2121 esse

124 2157 251 2186 nemo
280 2145 492 2188 dubitabit
518 2146 591 2201 qui
619 2146 661 2188 iu
690 2150 945 2202 apparatum
974 2160 1119 2189 mcum
1150 2149 1299 2190 oculos
1328 2150 1577 2204 conjecerit.

165 2257 192 2286 1.
216 2257 251 2288 In
277 2257 442 2290 Variarum
463 2258 619 2291 lectionem
639 2260 728 2291 libris
748 2259 882 2291 (luobus.
906 2261 1110 2301 Zutphaniae,
1133 2262 1222 2293 1759.

163 2304 193 2334 2.
213 2304 247 2334 ln
268 2304 446 2346 Spicileqiis
466 2307 596 2338 criticis.
610 2306 768 2346 Dordraci,
788 2308 877 2339 1771.

163 2352 191 2381 3.
213 2351 405 2383 Prodromus
425 2353 457 2384 in
478 2353 648 2385 Pindarum
675 2353 864 2386 Thebanum.
892 2355 1032 2395 Campis,
1057 2357 1146 2387 1769.

163 2397 192 2428 4.
216 2398 251 2429 In
271 2399 417 2431 Periculo
437 2400 560 2433 critico.

162 2445 191 2475 5.
213 2445 393 2487 Zeitschrist
414 2446 470 2487 fiir
489 2448 539 2480 die
561 2449 833 2481 osterreiclzischen
855 2450 1048 2490 Gymnasien,
1074 2449 1166 2489 1875,
1192 2459 1223 2491 p.
1249 2450 1307 2481 243
1332 2459 1400 2490 sqq.
