1914 3094
563 661 1147 731 PROOEMIUM

184 1130 298 1183 Quid
327 1131 370 1173 in
404 1132 486 1174 hoc
513 1131 659 1174 libello
694 1132 1000 1188 spectaverim,
1025 1132 1177 1188 paucis
1205 1132 1350 1175 verbis
1379 1131 1584 1175 monebo.

183 1207 337 1250 Exstat
357 1206 462 1250 Ilias
484 1207 749 1251 hexametris
769 1208 916 1250 latinis
940 1211 1180 1262 contracta,
1206 1208 1275 1251 cui
1299 1208 1434 1251 salsus
1457 1221 1587 1264 saepe

123 1284 379 1327 inscribitur
408 1284 560 1327 titulus
587 1287 814 1328 [immerita
844 1285 1020 1328 latinus
1054 1286 1121 1327 vel
1147 1286 1383 1329 Pindarus
1413 1285 1587 1329 1716611-

124 1373 232 1414 mrs,
262 1360 406 1402 medio
444 1360 559 1415 quod
594 1360 753 1404 dicitur
787 1374 892 1404 aevo
929 1361 974 1403 in
1009 1361 1171 1403 scholis
1205 1362 1440 1417 praelecta⁷
1472 1374 1588 1404 nunc

125 1437 255 1480 otiam
287 1437 403 1479 haud
432 1450 530 1480 raro
564 1451 587 1479 a
622 1438 726 1480 viris
758 1438 897 1482 doctis
926 1439 1118 1492 laudata,
1152 1439 1243 1482 sive
1282 1439 1345 1481 rei
1379 1439 1587 1482 metricae

125 1526 243 1568 ergo,
277 1514 367 1555 sive
396 1514 602 1569 quoniam
630 1514 744 1557 inter
776 1517 839 1557 tot
869 1515 1052 1558 Homeri
1086 1515 1396 1558 translationes
1430 1515 1587 1557 latinas

125 1590 234 1632 haec
255 1603 339 1632 una
364 1590 571 1632 invidiam
593 1591 802 1646 temporis
830 1591 995 1647 integra
1026 1592 1170 1636 evicit.

182 1666 230 1709 Id
264 1667 439 1721 quidem
470 1680 519 1709 ex
554 1665 838 1726 ἄκρου-ταχέως
871 1668 1058 1720 duobus,
1083 1668 1241 1724 quibus
1269 1668 1471 1724 Epitoma
1504 1669 1589 1711 ini-

123 1745 230 1788 tium
265 1749 306 1787 et
339 1744 467 1787 finem
504 1745 634 1800 capit,
666 1748 782 1788 certe
817 1745 1048 1788 conficitur
1078 1749 1250 1801 poetam
1288 1746 1465 1789 nomine
1498 1746 1586 1789 Ita-

122 1821 255 1864 licum
282 1821 434 1864 fuisse.
459 1822 553 1864 Nec
579 1822 725 1864 minus
754 1825 926 1865 constat
957 1835 979 1865 e
1009 1835 1055 1864 re
1085 1823 1266 1865 metrica
1296 1825 1338 1865 et
1368 1835 1588 1878 granima-

122 1898 223 1950 tica,
250 1911 331 1941 nec
360 1911 446 1941 non
470 1911 493 1941 e
526 1899 726 1941 versibus
755 1900 965 1952 899-902,
991 1901 1092 1953 ⁶236,
1121 1901 1221 1953 Δὸῧ,
1248 1912 1424 1942 carmen
1447 1899 1587 1955 prImo

122 1978 220 2030 post
253 1974 476 2017 Christum
524 1979 672 2018 natum
714 1975 917 2028 saeculo,
953 1976 1128 2019 Nerone
1168 1976 1362 2019 nondum
1397 1978 1584 2029 mortuo,

123 2052 420 2107 conscriptum
451 2064 566 2094 esse.
598 2052 720 2104 Quae
755 2065 856 2095 vero
891 2065 990 2095 eum
1024 2065 1111 2095 non
1145 2052 1203 2095 ita
1238 2052 1401 2095 dudum
1433 2065 1587 2109 propo-

123 2128 203 2171 sita
234 2129 336 2182 sint,
366 2142 509 2184 neque
539 2141 589 2171 ex
618 2130 735 2171 omni
770 2132 892 2184 parte
919 2129 1104 2172 feliciter
1139 2129 1283 2172 adhue
1309 2132 1508 2182 tractata,
1534 2130 1586 2172 de

122 2206 174 2248 iis
203 2206 320 2247 haud
349 2206 540 2248 alienum
569 2205 670 2248 duxi
698 2205 756 2249 ita
779 2219 933 2248 rursus
961 2205 1182 2262 inquirere
1210 2209 1257 2249 ut
1284 2207 1397 2261 quod
1419 2208 1585 2249 rectum

122 2295 219 2325 esse
249 2282 493 2336 videbatur,
518 2285 638 2325 reeta
668 2295 841 2339 quoque
872 2282 940 2325 via
968 2283 1189 2339 aperiatur
1217 2287 1258 2325 et
1284 2296 1405 2339 spem
1441 2283 1587 2325 eludat

122 2359 447 2411 confutationis,
481 2359 653 2415 sintque
693 2360 737 2402 in
773 2362 977 2416 promptu
1014 2360 1134 2402 varia
1172 2359 1426 2415 opinionum
1467 2372 1585 2402 com-

121 2439 267 2478 menta
300 2448 351 2478 ac
384 2436 576 2479 rationes
605 2436 764 2492 quibus
795 2436 972 2479 adducti
999 2436 1080 2478 viri
1111 2436 1354 2479 doctissimi
1376 2439 1519 2479 tantos
1542 2436 1584 2479 in

123 2523 294 2554 errores
317 2512 419 2555 olim
442 2512 691 2555 inciderint.

179 2574 378 2632 Italicum
433 2593 650 2644 nostrum,
692 2589 765 2646 qui
811 2602 898 2632 non
942 2589 1075 2643 idem,
1118 2602 1213 2632 mea
1261 2590 1493 2644 sententia,
1535 2602 1586 2631 ac

122 2664 256 2709 Silius
299 2666 568 2710 Punicorum
615 2667 828 2723 scriptor,
879 2666 955 2709 sed
1008 2666 1320 2722 grammaticus
1371 2666 1451 2709 suit
1500 2679 1584 2708 non

242 2741 392 2777 Prnssm.
423 2751 518 2777 These
540 2751 638 2778 laune.
1376 2753 1395 2776 α
1452 2759 1477 2789 ‚⁸
