1914 3094
661 234 812 265 ITALICI
843 234 950 263 ILIAS
980 233 1130 262 LATINA

175 317 298 360 Bella
321 320 475 372 gerunt
500 313 722 368 vastisque
749 312 919 366 replent
944 309 1181 366 mugitibus
1202 322 1347 353 auraS.

168 393 354 448 Jamque
377 392 448 434 diu
480 390 624 446 rigido
646 391 873 444 captarant
899 400 1081 443 corpora
1108 388 1239 440 ferro,

169 469 277 513 Cum
305 480 472 511 memor
491 466 669 510 Atrides
696 468 845 520 raptae
865 464 946 506 sihi
975 464 1172 519 conjugis
1193 465 1328 507 instat

167 545 526 599 Dardaniumque
552 541 932 598 premitjtivenem
955 554 1054 584 mox
1075 553 1178 584 ense
1207 541 1401 597 rigente3

167 621 499 676 Cedentemque
522 623 639 662 retro
664 619 767 662 dum
791 619 980 675 desuper
1006 618 1169 675 appetit
1188 619 1376 672 hostem,

169 698 438 754 Splendidus
465 701 682 739 extremas
706 695 853 751 galeae
880 708 1117 751 percussus
1139 696 1192 738 ad
1221 708 1320 738 oras

166 775 373 817 Dissiluit
395 786 567 825 mucro3
593 776 852 829 gemuerunt
871 773 1043 828 agmina
1072 772 1270 828 Grajum.

165 850 272 893 Tum
303 862 408 893 vero
431 849 636 903 ardescit,
661 848 860 904 quamvis
878 861 1034 892 manus
1054 861 1159 892 ense
1181 848 1370 902 carebat,

170 926 227 969 Et
249 927 454 981 Jut'enem
477 930 650 981 arrepta
674 926 912 981 prosternit
938 926 1108 969 casside
1129 926 1267 969 victor

170 1002 237 1046 Ad
260 1003 490 1058 sociosque
511 1002 657 1056 trahit,
683 1006 724 1046 et
741 1003 785 1045 ni
813 1002 996 1059 caligine
1024 1015 1155 1046 caeca

175 1079 371 1122 Texisset
399 1078 612 1135 Cytherea
631 1080 770 1122 virum
800 1078 1086 1135 subjectaque
1112 1083 1259 1124 mento

160 1155 308 1199 Fortia
329 1156 482 1199 laxatis
517 1156 710 1212 rupisset
735 1156 908 1200 vincula
930 1157 1073 1210 nodis⁷

163 1233 353 1278 Ultimus
390 1233 462 1276 ille
485 1233 578 1276 dies
599 1233 750 1276 Paridi
772 1234 898 1277 foret.
918 1233 1147 1277 Abstrahit
1172 1247 1278 1278 auro

165 1308 425 1365 Fulgentem
453 1310 620 1365 galeam
644 1322 792 1353 secum
824 1309 1053 1354 Menelaus
1075 1314 1117 1354 et
1138 1311 1298 1354 ardens

166 1385 219 1428 In
240 1387 408 1429 medios
432 1387 567 1430 mittit
588 1399 794 1443 proceres
820 1400 1061 1444 rursusque
1082 1389 1269 1432 recurrit

164 1461 220 1505 Et
246 1475 449 1518 magnam
470 1463 625 1506 validis
649 1464 859 1507 contorsit
885 1464 1044 1508 viribus
1066 1465 1236 1508 hastam

164 1538 213 1580 In
244 1540 412 1582 cladem
429 1540 627 1596 Phrygii⁷
654 1553 730 1583 sua
755 1554 881 1596 quem
905 1542 1057 1585 Venus
1078 1542 1204 1598 eripit
1225 1543 1338 1586 hosti

162 1616 227 1659 Ac
251 1629 400 1659 seeum
423 1617 466 1659 in
494 1617 709 1660 thalamos
732 1618 871 1661 desert
892 1618 1111 1662 testudine
1133 1620 1287 1662 cultos.

1544 389 1627 430 300

1544 775 1626 816 305

1544 1161 1627 1202 310

1544 1546 1626 1587 315

161 1766 228 1801 299
258 1768 464 1811 ualidisque
490 1769 539 1802 Λ.
563 1772 580 1812 ΙΙ
599 1769 669 1803 300
691 1770 806 1813 Atque
825 1770 992 1815 plerique
1011 1771 1023 1811 ll
1046 1771 1239 1814 captabant
1258 1772 1295 1807 Y
1315 1773 1496 1808 rimabant
1523 1774 1564 1808 Μ
1578 1775 1624 1808 N.

257 1820 273 1860 ΙΙ
304 1820 368 1854 301
406 1822 496 1855 Tum
530 1822 576 1856 E.
611 1821 628 1861 ΙΙ
655 1822 723 1857 303
751 1833 821 1866 que
847 1824 946 1858 omis.
976 1833 1109 1859 omnes.
1132 1826 1150 1867 ΙΙ
1179 1825 1249 1859 304
1276 1829 1457 1869 percussit
1489 1827 1624 1862 LFv.

255 1873 272 1914 ΙΙ
297 1874 366 1908 305
389 1876 540 1909 Disiluit
561 1876 602 1910 M
619 1876 654 1910 N
674 1876 819 1910 desiluit
841 1877 870 1910 B
894 1878 938 1921 (et
963 1877 1015 1911 itt-t
1036 1888 1070 1911 m
1091 1877 1106 1911 1
1131 1887 1176 1912 633
1196 1879 1293 1913 DisS.
1316 1888 1408 1914 corr.
1431 1880 1474 1918 El
1504 1882 1626 1915 disso-

255 1929 320 1962 luit
338 1928 386 1962 A.
403 1928 419 1968 ΙΙ
437 1928 505 1962 306
525 1929 616 1963 Tum
638 1930 675 1964 tn
689 1930 789 1964 Tunc
809 1939 901 1963 corr.
919 1941 953 1964 m
968 1931 1046 1965 ⁶213.
1063 1930 1079 1970 ΙΙ
1097 1931 1165 1965 307
1183 1936 1284 1975 rapta
1304 1932 1352 1967 Y.
1368 1932 1466 1972 11308
1487 1937 1625 1968 socios-

255 2005 326 2039 que
361 1997 430 2030 nisi
465 2000 595 2031 traeret
626 1998 657 2032 B
687 2000 878 2041 sociosque
911 1982 963 2032 n'it
992 2003 1067 2033 eret
1092 2000 1126 2033 R
1152 2010 1182 2034 s.
1206 2002 1365 2035 traheret
1395 2003 1463 2035 ntsi
1490 2005 1565 2036 tum
1591 2003 1626 2037 Y

257 2059 286 2083 s.
312 2053 363 2082 tra
391 2047 438 2094 (11)
463 2054 612 2094 eretque
633 2053 702 2085 nisi
733 2053 853 2086 ceteri.
875 2053 891 2093 ΙΙ
915 2052 982 2086 309
1004 2055 1124 2087 uirum
1152 2063 1196 2087 σαὶ
1222 2055 1291 2087 uiri
1321 2055 1350 2087 L
1378 2064 1494 2089 uenus
1517 2056 1553 2089 A
1577 2057 1624 2090 R.

257 2105 273 2146 ΙΙ
295 2101 363 2135 310
383 2103 510 2137 laxatis
529 2106 689 2146 rupisset
710 2104 726 2138 Ι
745 2107 903 2147 rupisset
928 2107 1051 2139 laxatis
1073 2108 1192 2140 ceteri.
1217 2106 1233 2146 ΙΙ
1256 2107 1323 2140 313
1345 2117 1546 2151 rursusque
1571 2110 1626 2143 YI

257 2165 482 2198 rursumque
515 2158 636 2191 ceteri.
661 2157 677 2197 ΙΙ
703 2157 771 2192 315
798 2160 925 2201 arripit
961 2160 990 2193 B
1005 2160 1086 2193 VR
1103 2160 1128 2194 S
1161 2161 1295 2202 eripuit
1320 2161 1361 2194 Μ
1374 2161 1421 2195 Ν.
1447 2163 1463 2203 ΙΙ
1488 2162 1556 2196 316
1578 2164 1626 2197 Ac

255 2208 339 2242 RV
366 2208 418 2242 Ad
450 2209 479 2243 F
499 2211 538 2243 Et
568 2211 673 2245 ceteri
700 2216 711 2256 fi
732 2212 846 2245 cultos
869 2212 989 2257 (simul
1015 2222 1094 2247 cum
1121 2217 1247 2254 tectOS,
1274 2214 1423 2253 comtos)
1446 2215 1483 2248 Y
1501 2219 1624 2249 custos

258 2262 335 2295 Fv
361 2267 511 2297 cunctos
542 2263 557 2297 1
588 2265 724 2298 cinctos
754 2264 780 2298 S
806 2268 898 2298 tutos
931 2269 1054 2309 (tectos
1089 2276 1121 2299 m
1147 2264 1179 2309 Q)
1211 2266 1243 2299 E
1274 2270 1384 2300 tectos
1415 2277 1524 2310 supra
1548 2276 1621 2301 ras.

257 2314 286 2348 Β
305 2322 345 2351 Ξ
364 2322 405 2351 Ξ
424 2322 466 2352 Ξ
481 2320 535 2350 tos
559 2318 650 2361 (cinc
671 2326 704 2351 m
724 2317 746 2351 2
765 2317 963 2362 suprascr.)
982 2318 1011 2351 L
1025 2322 1188 2361 comptos
1202 2319 1244 2352 M
1257 2319 1292 2352 N
1314 2321 1424 2353 factos
1439 2320 1487 2353 A.

204 2431 262 2461 300
283 2432 382 2471 thue
401 2450 440 2454 —
464 2433 631 2474 captabant
650 2434 787 2474 IIoeuffl,
808 2434 977 2466 Baehrens.
998 2453 1037 2457 —
1057 2437 1180 2475 pectora
1198 2435 1340 2467 Mueller.

206 2477 263 2507 308
290 2479 530 2519 Adsociosque
555 2480 665 2519 trahit3
688 2483 717 2512 et
746 2481 775 2512 iii
798 2482 953 2513 Baehrens
979 2492 1069 2522 quem
1095 2483 1126 2513 ni
1153 2483 1270 2515 Iioolen
1293 2483 1351 2524 qui
1374 2484 1478 2515 Venus
1501 2493 1531 2515 v.
1559 2493 1622 2525 seq.

165 2524 253 2555 habet
273 2525 354 2564 quod
379 2527 410 2556 ni
435 2526 565 2558 Mueller
586 2530 614 2558 et
636 2527 695 2559 nisi
717 2531 781 2559 tum
809 2529 997 2568 ll'ernsrlors
1012 2530 1042 2560 in
1063 2531 1130 2561 nol.

207 2572 265 2602 313
287 2581 460 2612 rursusque
479 2584 515 2605 ea:
537 2574 627 2605 libris
650 2575 808 2615 Guelserb.
830 2585 888 2607 sec.
909 2578 935 2607 el
963 2577 1047 2617 Virq.
1071 2577 1170 2617 recepi
1189 2585 1375 2617 rursumque
1396 2577 1506 2618 milae.

207 2619 265 2649 316
286 2622 325 2651 Ac
344 2621 470 2661 scripsi.
496 2622 536 2652 Et
557 2622 658 2662 culpo.
682 2642 720 2645 —
741 2623 840 2655 cultos
861 2623 900 2664 cf.
922 2624 1043 2655 Melam.
1070 2625 1110 2658 ΙΙ.
1128 2626 1198 2662 737,
1213 2626 1239 2656 el
1255 2625 1297 2656 ila
1317 2625 1509 2666 ll'crnsdors,
1526 2626 1623 2658 Baeh-

166 2674 234 2697 rens
254 2666 315 2705 (hic
334 2669 435 2699 autem
453 2668 482 2700 in
503 2671 565 2701 not.
590 2672 701 2701 tectum
719 2670 877 2711 infelicius
897 2671 1036 2712 conjecit)
1057 2674 1152 2704 tectos
1172 2672 1310 2705 Mueller.
