1914 3094
687 632 898 689 PARS
969 633 1061 688 ΙΙΙ

735 999 936 1047 CAPUT
997 999 1015 1045 I

386 1171 441 1201 DE
475 1171 616 1202 LIBRIS
652 1170 773 1201 MANU
810 1169 1001 1201 SCRIPTIS
1038 1170 1090 1200 ET
1125 1169 1353 1201 IMPRESSIS

199 1306 319 1350 Inter
339 1320 508 1361 omnes,
528 1310 633 1364 quot
653 1311 757 1363 quot
778 1308 1078 1359 innotuerunt,
1103 1306 1236 1349 libros
1260 1319 1391 1349 manu
1415 1308 1605 1363 scriptos

140 1379 296 1434 quibus
331 1392 508 1422 carmen
542 1381 741 1421 nostrum
770 1378 970 1431 traditur,
1001 1377 1266 1420 Erfurtanus
1295 1380 1337 1420 et
1369 1377 1603 1421 Leidensis

141 1450 304 1505 primas
340 1453 504 1492 tenent.

202 1519 253 1573 Ε,
282 1520 570 1573 Erl'urtanus,
604 1519 811 1575 Amplon.
846 1532 898 1561 nr
931 1521 1002 1572 20,
1033 1532 1161 1575 quom
1197 1519 1464 1576 descriptum
1499 1533 1596 1562 9559

140 1589 361 1634 Lucianus
405 1590 590 1634 Mueller
628 1590 803 1633 saeculo
852 1590 979 1632 tertio
1023 1590 1089 1631 vol
1134 1590 1421 1644 duodecimo,
1466 1591 1594 1633 Aem.

138 1662 364 1704 Baehrens
386 1661 645 1704 duodecimo
672 1660 931 1712 arbitratum
955 1660 1334 1714 membranaceus,
1358 1674 1456 1704 cum
1484 1662 1603 1717 pagi·

138 1732 221 1785 315,
265 1732 428 1787 passim
475 1732 668 1782 insertiS‚
713 1732 956 1774 chartaceis
996 1731 1067 1773 uhi
1108 1731 1255 1774 inania
1294 1733 1458 1788 scripta
1500 1745 1599 1775 esse

137 1816 161 1845 a
192 1802 390 1846 Luciano
419 1803 603 1846 Mueller
629 1802 892 1858 accipimus3
923 1803 1047 1845 titulo
1082 1803 1251 1858 incipit
1278 1803 1393 1846 liber
1418 1805 1602 1848 homeri

136 1876 344 1926 ornatus;
401 1876 624 1916 correctus
669 1873 727 1915 ita
766 1876 839 1924 ut,
881 1872 1151 1915 Baehrensio
1197 1877 1398 1925 auctore,
1442 1887 1599 1918 manus

136 1943 441 1998 agnoscendae
484 1943 571 1986 sint
615 1943 727 1985 duae
770 1956 778 1984 :
821 1942 966 1998 prior,
1010 1943 1195 1985 sortasse
1231 1943 1368 1999 ipsius
1408 1944 1596 1998 librarii,

135 2014 287 2057 eadem
328 2014 522 2069 profecto
563 2017 732 2068 391310,
771 2014 907 2056 multa
942 2013 1097 2056 collato
1137 2015 1372 2069 exemplari
1411 2016 1601 2071 quodam

134 2084 247 2127 bono
275 2084 486 2135 restituit;
515 2084 650 2126 altera
678 2084 840 2126 saeculi
869 2084 960 2126 sere
988 2084 1129 2139 quarti
1154 2084 1329 2137 decimi,
1355 2098 1432 2128 seu
1455 2098 1599 2129 emen-

135 2155 337 2198 dationes
360 2158 535 2210 experta
563 2158 628 2197 est
651 2155 812 2207 irritas,
838 2167 915 2197 seu
945 2154 1048 2209 quid
1082 2167 1104 2196 9
1135 2156 1478 2211 corruptissimis
1501 2157 1599 2199 son-

133 2226 249 2269 tibus
289 2225 452 2276 hausit,
490 2228 653 2268 textum
694 2225 821 2268 foede
859 2225 1049 2268 turbavit
1084 2238 1093 2267 :
1138 2225 1251 2268 unde
1284 2240 1330 2268 m
1364 2229 1385 2269 1
1417 2230 1459 2270 ct
1490 2241 1536 2270 m
1571 2231 1596 2270 2

133 2296 381 2340 accuratius
413 2296 639 2339 discernas
662 2309 845 2339 necesse
874 2299 955 2339 est.

195 2366 244 2420 1.,
271 2367 524 2420 Leidensis,
554 2367 686 2410 Voss.
721 2366 773 2411 L.
799 2366 871 2417 0.,
902 2369 974 2421 89,
1001 2368 1175 2410 saeculo
1203 2368 1463 2411 duodecimo
1496 2381 1596 2412 exa-

132 2441 269 2491 ratus,
286 2438 411 2492 cujus
430 2437 702 2491 varietatem,
721 2437 1144 2491 utvideturssheod.
1163 2452 1242 2480 ian
1259 2438 1448 2489 Kootcn,
1465 2440 1593 2482 modo

92 2540 101 2550 .
131 2507 365 2551 Leidensis
388 2508 570 2550 secundi
594 2507 785 2561 nomine,
804 2508 933 2551 modo
953 2508 1251 2561 Arntzeniani,
1274 2509 1339 2551 bis
1362 2523 1385 2551 a
1407 2522 1453 2552 se
1472 2511 1590 2566 poni,

133 2579 331 2635 quamvis
346 2579 593 2622 monuisset
605 2578 887 2622 Burmannus
904 2579 1150 2630 Secundus,
1164 2592 1249 2622 non
1263 2580 1589 2633 animadvertit;

133 2650 379 2706 Epitomam
396 2653 606 2702 nostram,
622 2654 721 2705 post
736 2649 914 2693 Catonis
929 2649 1115 2692 disticha
1129 2650 1449 2707 Avianumque,
1466 2653 1588 2695 titulo
