1914 3094
699 707 911 765 PARS
984 708 1037 764 ΙΙ

742 1078 945 1132 CAPUT
982 1085 1001 1132 I

261 1256 316 1287 DE
350 1256 461 1286 ILLlS
498 1255 572 1293 QUI
607 1256 720 1287 APUD
756 1255 968 1288 ROMANOS
1004 1257 1146 1295 USQUE
1181 1259 1236 1289 AD
1272 1258 1483 1291 NOSTRUM

413 1326 580 1359 HOMERI
616 1327 807 1359 CARMINA
841 1329 995 1358 LATINE
1032 1329 1336 1361 REDDIDERUNT

203 1482 301 1526 Jam
330 1495 447 1525 nunc
478 1482 714 1525 videndum
750 1482 805 1525 sit
838 1495 948 1537 quae
983 1482 1097 1538 apud
1125 1482 1347 1525 Romanos
1379 1497 1516 1540 usque
1549 1486 1602 1528 ad

145 1555 345 1598 Italicum
368 1554 510 1598 studia
534 1554 769 1597 Homerica
797 1553 1013 1609 viguerint
1037 1557 1081 1596 ut
1109 1555 1211 1609 quid
1234 1554 1436 1610 Epitoma
1463 1557 1603 1601 valeat

146 1627 309 1669 rectius
343 1627 641 1669 aestimemus.
668 1624 776 1668 Cum
811 1628 954 1667 autem
990 1624 1074 1667 duo
1105 1625 1347 1668 doctissimi
1380 1627 1476 1680 viri,
1503 1627 1602 1672 Car.

146 1696 259 1739 Phil.
304 1694 486 1749 Euler¹,
529 1695 683 1738 Herm.
720 1695 923 1738 XValther
949 1694 962 1713 ²
996 1695 1039 1737 in
1071 1695 1227 1737 libellis
1267 1697 1464 1751 perutilis
1503 1699 1607 1741 doc-

146 1768 285 1810 trinae
325 1767 465 1823 plenis
504 1767 593 1809 sere
639 1766 784 1809 omnia
824 1766 878 1807 ad
924 1779 1015 1808 rem
1061 1766 1320 1821 pertinentia
1363 1768 1607 1812 luculenter

142 1837 233 1892 jam
255 1836 586 1890 disputaverint,
611 1835 786 1878 brevius
809 1835 963 1877 eodem
992 1848 1173 1878 munere
1201 1849 1280 1879 nos
1309 1837 1485 1893 defungi
1507 1839 1607 1882 licet

146 1919 327 1963 remque
346 1906 663 1962 amplissimam
679 1905 1016 1948 adumbraturos
1033 1908 1199 1948 tantum
1213 1906 1433 1950 incedere.
1454 1909 1610 1964 Negle-

148 1991 300 2035 gemus
333 1980 484 2033 poetas
517 1977 591 2034 qui
625 1989 675 2019 ex
708 1976 944 2019 Homerico
976 1977 1092 2019 sonte
1125 1978 1438 2020 sententiarum
1469 1993 1608 2035 quan-

148 2049 304 2093 tamvis
334 2052 502 2104 partem
542 2048 762 2104 petierunt
793 2060 1035 2103 versusque
1068 2047 1268 2102 Homeri,
1301 2049 1368 2091 rel
1403 2050 1606 2094 subtilius

149 2120 369 2173 redditOS,
416 2119 460 2162 in
505 2131 597 2162 rem
639 2131 763 2161 suam
810 2119 974 2174 passim
1022 2122 1353 2173 converterunt;
1396 2122 1468 2176 qui
1508 2135 1606 2164 cum

150 2204 288 2247 paene
320 2190 539 2233 innumeri
582 2189 669 2232 sint
706 2188 874 2248 (omnes
908 2190 1015 2242 fere,
1054 2192 1100 2232 ut
1131 2190 1189 2232 ita
1227 2190 1391 2244 dicam,
1426 2193 1605 2235 comicis

150 2260 390 2319 exceptis),
432 2265 520 2304 tam
559 2261 824 2303 immensum
866 2260 1018 2317 spatiis
1059 2273 1221 2316 aequor
1264 2262 1480 2305 conficere
1520 2277 1606 2306 non

151 2333 275 2376 nobis
315 2333 359 2375 in
399 2333 544 2375 animo
591 2335 673 2375 est.
713 2331 801 2375 Sed
840 2332 885 2374 in
926 2344 1000 2374 eos
1047 2332 1299 2388 scriptores,
1343 2334 1607 2391 quicumque

151 2417 259 2460 opus
294 2404 474 2447 Homeri
505 2403 636 2446 latine
663 2403 974 2458 interpretatus
1003 2406 1084 2456 est,
1116 2404 1207 2446 sive
1241 2407 1379 2447 totum
1411 2418 1605 2460 carmen,

151 2477 224 2517 aut
244 2474 462 2529 integrum
491 2476 536 2516 ut
565 2472 810 2528 Odysseam
839 2473 1137 2526 Andronicus,
1163 2477 1238 2516 aut
1263 2478 1535 2518 contractum
1567 2480 1610 2521 ut

194 2633 222 2662 1.
244 2632 287 2664 De
306 2633 520 2673 antiquiorum
540 2633 750 2665 Romanorum
769 2632 884 2664 studiis
902 2632 1086 2671 Homericis,
1104 2633 1249 2672 Berolini,
1271 2634 1362 2666 1854.

193 2678 222 2709 2.
247 2678 287 2709 De
306 2680 494 2720 scriptorum
512 2680 717 2712 Romanorum
740 2688 839 2720 usque
865 2679 905 2711 ad
932 2679 1100 2720 Γοιῃίἰιίιηι
1119 2680 1233 2712 studiis
1253 2681 1441 2721 Homericis,
1462 2679 1611 2713 vratisla-

153 2725 234 2766 viae,
259 2728 350 2758 1867.
