1914 3094
262 268 370 293 XXXVI
791 264 841 292 DE
872 264 1008 292 ILIADE
1039 265 1186 292 LATlNA

262 345 439 387 Italicus
462 343 630 385 induxit
652 345 905 397 querentem
938 345 1009 384 aut
1034 345 1309 397 prccantem3
1336 345 1379 384 at
1401 340 1559 392 Ovidii,
1585 355 1711 396 quem

261 416 418 457 totiens
446 415 640 455 imitatus
663 416 742 464 est,
768 416 936 466 poterat
957 412 1009 453 de
1036 416 1173 454 matre
1192 412 1395 454 Hectoris
1419 413 1600 466 loquens
1628 425 1714 454 me-

259 486 343 528 lius
365 485 545 539 vestigia
570 484 708 537 sequi.
732 483 942 524 Helenam
977 496 1072 524 cum
1103 483 1279 524 Priamo
1299 483 1565 537 loquentem,
1585 481 1710 525 Iliad.

259 556 342 609 ΙΙΙ,
367 557 448 597 161
475 568 590 609 sqq.,
609 554 782 595 omittit.
802 553 950 595 Thetis
972 566 1056 594 non
1080 557 1146 595 est
1167 567 1215 594 ea
1239 558 1376 595 mater
1398 565 1508 607 quae
1532 556 1715 608 angatur

259 627 393 668 filium
416 625 529 679 angi,
555 625 696 679 deque
719 624 812 677 ejus
835 624 921 665 sato
943 623 1237 678 pertimescat.

316 697 523 740 Virorum
545 695 675 749 igitur
695 694 873 736 Italicus
897 694 1207 748 grammaticus
1232 706 1352 736 arma
1375 693 1546 743 cecinit,
1567 706 1711 735 mores

258 779 474 822 nusquam
497 765 743 813 illustravit,
770 778 986 819 nusquam
1009 764 1209 819 ingenuis
1238 764 1456 806 coloribus
1486 765 1712 818 egregiave

258 838 499 880 imitatione
539 836 747 892 depinxit.
780 835 898 878 Deos
928 838 1071 877 autem
1107 848 1259 889 [uirum
1295 835 1490 877 intexuit.
1529 835 1712 877 Frustra

258 921 443 963 quaeras
483 908 637 949 Jovem
681 910 779 948 ante
815 918 950 960 equos
983 905 1210 948 Diomedis
1245 905 1407 947 fulmen
1441 906 1708 947 emittentem

257 979 328 1035 (cs.
360 978 485 1021 Iliad.
524 976 647 1029 VIII,
684 978 805 1031 133),
836 976 1083 1031 Apollinem
1115 978 1153 1018 et
1186 975 1426 1018 Minervam
1457 990 1588 1030 super
1615 977 1711 1031 sago

255 1049 499 1091 vulturibus
530 1047 694 1089 similes
718 1045 861 1104 (Iliad.
887 1046 988 1100 VII,
1014 1046 1100 1101 59),
1131 1049 1173 1088 ct
1203 1046 1440 1088 certamina
1466 1049 1505 1087 et
1529 1047 1711 1088 concilia

256 1121 451 1162 dem‘um.
483 1118 612 1173 Apud
650 1118 891 1159 Homerum
928 1130 1057 1172 saepe
1093 1117 1151 1158 dii
1189 1117 1438 1159 mortalium
1467 1117 1611 1159 vultus
1644 1117 1711 1159 in-

255 1191 393 1233 duunt
425 1203 432 1231 :
468 1189 531 1231 sic
565 1189 778 1240 Minerva,
815 1187 1018 1229 Laodoco
1057 1187 1227 1239 similis,
1264 1186 1344 1240 IV,
1375 1189 1455 1239 863
1481 1186 1711 1242 Neptunus

255 1260 503 1311 Calchanti,
542 1258 678 1310 XIII,
723 1260 800 1309 [ὡς
844 1258 950 1299 nihil
990 1257 1131 1299 simile
1172 1257 1285 1312 apud
1328 1260 1540 1299 nostrum.
1583 1257 1711 1300 Som-

254 1331 391 1382 nium,
422 1330 535 1384 quod
558 1329 759 1384 Juppiter
779 1327 1099 1382 Agamemnoni
1128 1328 1274 1380 mittit,
1299 1328 1343 1369 in
1364 1327 1501 1369 Iliade
1524 1328 1708 1370 sormam

252 1402 452 1444 Nestoris
496 1400 625 1455 capit,
668 1399 729 1450 II,
776 1401 856 1450 ‘203
900 1398 1100 1440 Xanthos
1138 1411 1276 1453 equus
1321 1397 1479 1440 Achilli
1525 1402 1708 1440 mortem

252 1472 514 1514 vaticinatur
531 1483 636 1513 voce
659 1470 866 1522 humana,
885 1468 1009 1521 XIX,
1031 1471 1136 1519 [10l13
1157 1468 1200 1510 in
1220 1468 1423 1524 Epitoma
1444 1468 1496 1510 de
1516 1469 1584 1510 his
1604 1469 1709 1511 nihil

254 1543 408 1598 agitur.

310 1615 439 1657 Nunc
465 1626 568 1656 vero
596 1626 693 1656 cum
721 1612 921 1654 versibus
951 1614 1004 1654 37
1034 1624 1129 1666 sqq.
1160 1610 1312 1653 Iliadis
1340 1610 1439 1652 libri
1467 1610 1486 1653 Ι
1514 1611 1710 1653 consera-

253 1698 350 1727 mus
387 1684 616 1739 Epitomac
656 1696 810 1725 versus
855 1684 1008 1728 32-[13.
1053 1681 1243 1736 Chryses
1283 1681 1415 1723 filiam
1460 1681 1708 1736 ademptam

255 1756 588 1797 delamentatur.
619 1752 748 1808 Apud
787 1753 1029 1795 Homerum
1064 1765 1197 1794 senex
1227 1751 1430 1806 pietatem
1462 1765 1584 1794 suam
1614 1752 1709 1794 bre-

251 1825 362 1867 viter
384 1826 712 1874 commemorat,
733 1823 950 1877 deumque
968 1822 1117 1876 paucis
1141 1824 1181 1863 et
1204 1822 1410 1875 gravibus
1427 1821 1571 1863 verbis
1588 1825 1710 1876 rogat

252 1901 298 1938 ut
323 1895 503 1937 Atridae
532 1894 675 1936 scelus
702 1894 746 1935 in
777 1892 970 1935 Graecos
1003 1892 1176 1947 expiare
1209 1892 1339 1943 vclit;
1365 1892 1479 1946 apud
1508 1891 1707 1934 Italicum

251 1966 381 2008 etiam
410 1970 538 2019 atque
562 1965 691 2006 etiam
720 1967 923 2018 precatur
949 1966 994 2004 ut
1021 1975 1098 2017 pro
1128 1962 1215 2004 tilia
1241 1974 1405 2017 poenas
1433 1962 1536 2004 luat.
1567 1962 1705 2015 Quae,

252 2037 293 2079 di
322 2036 440 2088 boni,
475 2035 678 2090 loquendi
708 2033 988 2090 profluentia!
1022 2033 1250 2087 Epitomae
1284 2032 1394 2074 liber
1425 2032 1590 2087 primus
1621 2045 1707 2075 non

252 2106 438 2161 amplius
462 2109 635 2147 centum
664 2118 818 2146 versus
843 2108 885 2146 et
910 2116 1043 2145 unum
1067 2103 1280 2154 continet3
1306 2103 1536 2145 duodecim
1563 2106 1706 2145 autem

252 2180 432 2231 usurpat
453 2177 561 2217 llaec
583 2175 809 2217 fastidiosa
834 2174 1041 2230 precatio,
1067 2186 1166 2215 nam
1195 2173 1278 2216 loci
1307 2186 1563 2216 communes
1591 2172 1708 2215 Itali-

251 2261 349 2289 cum
374 2247 560 2288 maxime
582 2246 814 2287 delectant.

310 2319 430 2370 Quae
460 2330 556 2359 cum
587 2317 644 2358 ita
669 2317 769 2369 sint,
794 2315 1072 2371 perlustranti
1101 2315 1177 2357 tibi
1204 2314 1386 2357 Iliadem
1414 2315 1589 2357 latinam
1619 2328 1703 2357 non

250 2389 343 2430 sine
389 2402 522 2430 causa
568 2400 720 2429 vereor
760 2400 814 2428 ne
853 2386 983 2428 dictio
1024 2386 1196 2440 frigida,
1234 2386 1388 2427 vitiosa
1429 2385 1701 2440 compositio,

248 2459 388 2501 debile
424 2459 562 2501 Italici
595 2457 816 2512 ingenium
852 2457 1044 2499 taedium
1077 2457 1260 2507 adserat,
1292 2456 1424 2497 immo
1454 2456 1506 2497 ad
1541 2455 1705 2498 Home-

248 2543 341 2572 rum
372 2529 621 2584 respicienti
646 2529 775 2570 bilem
798 2531 969 2570 moveat
993 2525 1021 2569 ¹.
1048 2526 1157 2569 Cum
1180 2529 1242 2570 tot
1263 2529 1305 2569 et
1325 2526 1456 2568 tantis
1478 2526 1593 2568 vitiis
1615 2539 1706 2569 car-

288 2641 316 2671 1.
334 2639 397 2670 Nisi
419 2640 495 2670 tol-te
519 2639 547 2669 in
571 2638 724 2670 laurentii
746 2638 851 2669 vallae
873 2637 1055 2669 sententian]
1078 2636 1211 2668 discedis
1237 2639 1442 2676 nostrumque
1466 2636 1599 2677 Vergilio
1620 2639 1705 2669 ante-

248 2687 352 2727 ponis!
379 2687 438 2725 (tlt.
463 2688 625 2725 Wenxsn„
646 2687 734 2717 I'oet.
755 2685 808 2716 lat.
832 2685 919 2723 min„
944 2687 966 2715 t.
988 2685 1034 2722 lv,
1059 2693 1129 2724 pars
1149 2686 1179 2723 2,
1203 2693 1233 2724 p.
1256 2684 1340 2724 547.)
