1914 3094
723 261 775 290 DE
805 261 943 290 ILIADE
972 261 1121 291 LATINA
1589 266 1656 292 xus

190 341 347 394 aliena,
374 339 644 396 posteriores
675 351 778 381 vero
799 339 913 394 apud
937 339 1173 395 scriptores
1204 352 1304 382 mox
1333 340 1543 395 reditura,
1568 342 1653 385 for-

191 411 304 454 sitan
338 411 381 453 in
409 409 616 466 loquendi
655 409 1018 452 consuetudinem
1055 410 1276 466 coepisset
1300 411 1476 464 reverti,
1510 425 1652 468 neque

190 485 419 538 propterea
440 484 639 523 nostrum
667 480 773 523 satis
795 479 1070 523 offendisset.

249 551 401 607 Itaque
438 551 719 607 perlustranti
752 563 929 593 carmen
958 554 1157 594 nostrum
1185 551 1473 595 Homericum
1505 553 1651 596 nullae

190 623 295 665 milii
334 622 387 664 ab
426 624 565 664 aetate
610 634 739 677 quam
785 622 975 664 diximus
1021 622 1127 665 illud
1170 622 1448 677 abjudicandi
1489 636 1649 667 causae

190 705 342 749 graves
365 692 592 747 seriaeque
614 695 840 747 apparent.
867 692 1119 745 Praeterea,
1151 693 1325 749 quando
1353 693 1532 749 quidem
1560 707 1647 737 non

190 763 328 806 solum
357 763 537 818 Vergilii
567 760 798 817 Ovidiique
826 763 941 805 circa
961 763 1253 806 elocutionem
1272 768 1315 806 et
1336 767 1473 806 artem
1497 765 1651 807 metri-

188 846 283 877 cam
301 833 495 888 vestigiis
515 832 693 875 Italicus
712 833 970 888 ingreditur,
986 833 1062 875 sed
1082 833 1213 876 etiam
1235 834 1474 876 eorundem
1493 835 1644 888 multa,

186 904 442 960 praesertim
473 903 525 946 ab
553 902 764 946 Aeneidis
791 916 843 946 ac
870 903 1284 959 Metamorphoseon
1311 904 1449 958 libris,
1481 910 1649 949 mutua·

186 979 271 1028 tur,
295 987 381 1016 non
406 977 639 1029 antequam
667 974 891 1029 praeclara
913 974 985 1016 illa
1008 986 1141 1030 opera
1158 974 1403 1029 Jandudum
1427 975 1472 1017 in
1494 977 1649 1031 volgus

186 1045 298 1088 elata
336 1048 451 1098 sunt,
486 1058 595 1101 opus
633 1057 760 1087 suum
795 1044 982 1088 condere
1015 1045 1170 1100 potuit.
1205 1045 1359 1101 Neque
1406 1059 1509 1089 vero
1551 1051 1647 1102 post

185 1115 374 1159 Neronis
400 1119 602 1169 mortem,
633 1116 801 1158 ratione
829 1128 880 1158 ex
912 1115 1007 1171 ipso
1037 1116 1230 1158 carmine
1258 1116 1408 1171 petita,
1436 1117 1471 1159 si
1494 1130 1649 1160 versus

187 1189 385 1230 899-902
423 1187 650 1242 respicies,
690 1187 983 1242 conscriptam
1028 1186 1276 1242 Epitomam
1307 1188 1543 1242 judicabis,
1583 1189 1648 1231 De

186 1257 351 1309 Aenea,
377 1271 464 1300 non
485 1258 650 1300 viribus
669 1257 821 1313 aequis
839 1257 1000 1300 Achilli
1023 1261 1293 1312 occurrente,
1312 1271 1383 1301 res
1400 1260 1563 1315 agitur3
1584 1260 1647 1302 sic

188 1329 328 1385 porgit
347 1332 475 1385 poeta
499 1342 508 1371 :

374 1433 497 1479 Quem
518 1433 591 1472 nisi
609 1437 794 1473 servasset
814 1445 1039 1484 magnarum
1061 1438 1183 1473 rector
1203 1446 1390 1485 aquarum

374 1493 422 1532 Ut
441 1492 627 1544 profugus
644 1491 745 1531 latiis
763 1492 916 1543 Trojam
934 1496 1126 1544 repararet
1147 1492 1186 1531 in
1204 1493 1303 1532 arvis

372 1551 668 1602 Augustumque
688 1563 808 1602 genus
831 1550 942 1590 claris
962 1551 1201 1591 submitteret
1222 1551 1346 1598 astris,

374 1610 456 1648 Non
481 1609 633 1662 pulcrae
652 1609 775 1661 gentis
795 1609 903 1649 nobis
925 1610 1123 1649 mansisset
1142 1611 1246 1663 origo
1270 1611 1297 1650 1.

188 1716 253 1761 Cf.
278 1731 377 1761 cum
399 1730 439 1760 v.
465 1719 550 1760 ‘236
571 1730 581 1760 :

372 1824 420 1864 Et
440 1836 545 1864 sacer
563 1823 724 1873 Aeneas,
747 1823 905 1864 Veneris
923 1823 1136 1864 certissima
1156 1823 1294 1876 proles.

188 1938 405 1994 Denique,
429 1950 528 1980 cum
551 1950 591 1979 v.
618 1938 701 1984 [183
727 1949 736 1980 ε

371 2043 518 2083 Emicat
540 2043 682 2084 interea
703 2043 861 2084 Veneris
882 2042 1138 2096 pulcherrima
1161 2042 1300 2096 proleS.

248 2157 370 2210 Quae
408 2157 511 2200 dum
545 2157 702 2199 domus
740 2156 941 2209 Aeneae,
976 2156 1019 2199 id
1053 2159 1120 2198 est
1153 2155 1382 2208 Caesaris,
1419 2156 1648 2213 imperium

188 2228 378 2281 tenebat,
408 2241 494 2284 qua
517 2227 702 2280 ratione,
738 2240 821 2283 quo
850 2227 1033 2270 consilio
1054 2225 1235 2270 Italicus
1259 2227 1502 2283 scripserit,
1527 2227 1649 2271 facil-

229 2358 258 2389 1.
283 2357 380 2389 Locus
403 2356 492 2389 valde
512 2359 677 2397 corruptus
698 2356 728 2387 in
748 2355 836 2387 libris
859 2364 950 2386 manu
977 2354 1114 2396 scriptis.
1139 2355 1304 2395 Equidem,
1325 2355 1356 2387 in
1383 2355 1518 2388 secundo
1544 2364 1650 2394 versu,

187 2412 243 2444 pro
269 2403 358 2435 lactis
384 2413 454 2436 cuin
483 2404 692 2435 Wernsdorlio
718 2403 821 2443 recepi
854 2403 953 2441 latiis,
977 2402 1135 2442 egregiam
1169 2403 1419 2435 emendationem
1451 2412 1556 2443 quam,
1581 2403 1649 2434 viro

187 2451 276 2484 docto
293 2451 400 2491 ignoto
418 2451 568 2490 debitam,
584 2450 740 2492 praestitit
759 2452 869 2481 Petrus
888 2449 1022 2481 Bondam
1039 2448 1134 2489 (VAR.
1151 2459 1251 2487 Luem,
1270 2459 1300 2491 p.
1322 2451 1527 2491 173-174).1n
1545 2451 1650 2488 tertio,

188 2499 373 2533 Wernsdorf
395 2499 519 2531 lectioni
545 2499 685 2530 codicum
719 2498 828 2535 claris,
856 2506 948 2537 quam
978 2496 1176 2537 retinuimus,
1206 2496 1337 2529 sortasse
1365 2498 1446 2529 haud
1474 2506 1649 2538 perperam.

187 2545 264 2578 caeli
293 2546 482 2578 substituere
509 2555 605 2578 ausus
633 2548 691 2577 est.
720 2547 754 2577 ln
781 2549 910 2585 quarto,
938 2543 1051 2583 clarae,
1081 2553 1142 2576 nou
1169 2544 1300 2584 pulcrae
1328 2545 1409 2584 quod
1436 2553 1492 2583 ego
1519 2545 1649 2585 conjeci,

186 2594 306 2626 codices
336 2594 471 2633 habent3
493 2603 595 2633 carae,
624 2593 773 2626 Kootenio
802 2594 891 2632 duce,
913 2592 1085 2633 assumpsit
1111 2592 1284 2631 Baehrens;
1306 2592 1412 2624 nescio
1439 2601 1477 2624 au
1503 2593 1612 2630 Italae,
1635 2601 1649 2623 e

188 2641 378 2681 Weytingliii
404 2641 568 2678 sententia,
592 2641 830 2682 praeferendum
853 2641 910 2680 sit;
932 2649 1037 2672 verum
1067 2640 1148 2672 enini
1177 2648 1250 2673 vero
1278 2642 1330 2672 aut
1356 2640 1451 2672 claris
1472 2643 1524 2673 aut
1549 2640 1651 2672 clarae

190 2687 358 2720 tollendum
380 2696 449 2720 esse
469 2688 599 2721 minime
620 2688 740 2721 dubito.
