1914 3094
721 776 925 824 CAPUT
962 775 1028 822 III

608 1001 699 1032 xml
737 999 873 1031 smus
910 983 1137 1029 ITALluus‘?

202 1177 331 1219 Nunc
357 1177 502 1217 autem
530 1173 802 1216 Buechelero
828 1173 836 1194 ¹
867 1176 909 1215 et
936 1172 1117 1215 Munkio
1139 1178 1152 1198 2
1178 1172 1268 1227 jam
1298 1173 1469 1215 obviam
1498 1185 1606 1216 eun-

143 1248 245 1291 dum
276 1250 358 1295 est,
390 1245 461 1301 qui
490 1257 667 1287 carmen
695 1242 744 1287 C.
773 1243 879 1286 Silio
912 1242 1065 1286 Italico
1093 1256 1179 1285 non
1209 1244 1302 1286 sine
1332 1244 1476 1299 aliqua
1496 1245 1606 1287 veri-

143 1318 248 1361 tatis
277 1316 422 1372 specie
449 1315 797 1357 vindicaverunt.
823 1313 933 1357 Cum
961 1313 1075 1356 enim
1100 1314 1370 1357 Punicorum
1400 1315 1599 1370 scriptor,

145 1401 257 1430 anno
280 1390 378 1443 post
399 1385 621 1429 Christum
643 1388 793 1427 natum
816 1385 966 1440 quinto
988 1388 1029 1427 et
1049 1384 1259 1427 vicesimo
1282 1388 1426 1438 notus,
1447 1398 1532 1428 uno
1564 1391 1605 1428 et

144 1459 383 1502 centesimo
421 1469 673 1512 supremum
709 1456 847 1509 diem,
884 1459 930 1498 ut
966 1458 1115 1498 notum
1155 1459 1241 1509 cst,
1285 1456 1458 1508 obierit,
1494 1459 1605 1499 tem-

143 1542 296 1585 porum
337 1528 550 1571 rationem
584 1527 636 1569 iis
670 1539 782 1582 quae
815 1539 963 1582 supra,
994 1526 1029 1568 si
1064 1526 1174 1568 bene
1210 1526 1477 1581 disputatum
1518 1531 1601 1580 est,

143 1599 478 1651 introduximus,
505 1598 611 1641 satis
639 1598 774 1653 liquet
802 1610 888 1639 non
917 1609 1177 1652 repugnare.
1201 1597 1313 1640 Nam
1344 1596 1500 1640 Silium
1521 1596 1605 1640 Ita-

142 1671 274 1714 licum
298 1669 415 1711 nullo
438 1669 566 1711 modo
589 1671 689 1711 ante
711 1668 877 1711 obitum
900 1668 1088 1711 Neronis
1118 1680 1272 1710 versus
1302 1668 1604 1724 composuisse

140 1740 357 1784 Aemilius
387 1739 613 1782 Baehrens
648 1752 734 1781 non
766 1739 872 1780 mihi
905 1751 1084 1794 prorsus
1120 1738 1354 1793 persuasit.
1393 1739 1519 1792 Quod
1553 1752 1605 1782 ex

142 1811 370 1854 notissimo
403 1809 476 1852 illo
506 1808 720 1853 Martialis
753 1809 1066 1865 epigrammate
1096 1807 1213 1864 (VII,
1247 1808 1321 1866 63)
1356 1809 1422 1851 vir
1448 1809 1602 1853 doctus

142 1882 311 1938 collegit
337 1894 346 1924 :

379 2008 562 2062 Perpetui
582 2021 793 2060 numquam
815 2008 999 2048 moritura
1022 2008 1215 2048 volumina
1239 2008 1312 2048 Sili

434 2068 509 2115 Qui
530 2068 624 2120 legis
644 2072 680 2108 et
700 2067 788 2107 latia
809 2067 976 2107 carmina
997 2067 1110 2119 digna
1128 2072 1227 2119 toga,

380 2126 524 2167 Pierios
546 2131 691 2166 tantum
714 2126 789 2165 vati
810 2126 996 2178 placuisse
1017 2138 1189 2166 recessus

434 2185 566 2224 Credis
587 2189 623 2224 et
651 2185 796 2224 Aoniae
815 2184 988 2224 bacchica
1009 2189 1105 2224 serta
1124 2185 1279 2225 comae?

382 2243 496 2284 Sacra
517 2244 731 2283 cothurnati
752 2256 828 2283 non
849 2243 971 2295 attigit
990 2248 1076 2283 ante
1096 2244 1260 2283 Maronis

429 2302 606 2356 Implevit
626 2302 753 2354 magni
774 2315 889 2355 quam
912 2302 1104 2342 Ciceronis
1124 2315 1234 2355 opus.

199 2431 264 2474 Ex
299 2443 400 2486 quo⁷
445 2430 480 2473 si
518 2443 670 2474 verum
711 2431 837 2474 fateri
875 2430 1096 2485 volumus,
1129 2430 1317 2473 efficitur
1355 2434 1397 2473 et
1435 2430 1604 2486 cogitur

142 2500 295 2545 Silium
312 2502 403 2556 jam
425 2514 627 2557 magnam
652 2502 746 2544 aevi
769 2505 936 2558 partem
959 2501 1002 2543 in
1026 2500 1273 2544 forensibus
1297 2500 1442 2543 causis
1464 2503 1601 2544 trans-

186 2635 212 2664 1.
234 2632 430 2664 Rlzeinisclzes
448 2633 598 2671 Museum,
620 2636 641 2664 t.
665 2634 782 2673 XXXV,
803 2642 835 2674 p.
857 2634 928 2665 391.

185 2682 215 2712 2.
238 2681 327 2712 Mum<
348 2689 409 2710 UND
429 2680 604 2719 Smrrmr,
622 2680 728 2713 Gesclz.
751 2681 806 2713 cler
822 2690 919 2713 roem.
946 2681 1057 2721 Uter„
1080 2679 1193 2720 Berlin,
1218 2680 1306 2719 1875,
1331 2681 1351 2712 t.
1374 2680 1415 2719 ΙΙ,
1438 2689 1469 2721 p.
1490 2681 1561 2711 242.
