1914 3094
575 644 788 703 PARS
859 644 1126 701 PRIMA

698 1005 926 1054 CAPUT
982 1005 1000 1052 I

507 1178 597 1217 QUO
629 1177 797 1210 NOMINE
832 1176 1002 1209 NOSTER
1034 1175 1189 1207 FUERIT

180 1313 492 1375 Παραστιχίδας
527 1316 654 1369 duas,
694 1328 743 1358 ex
783 1314 968 1371 quibus,
1007 1313 1207 1356 codicum
1252 1310 1438 1354 lectione
1479 1321 1584 1365 pau-

121 1387 255 1430 lulum
289 1387 532 1439 immutata,
563 1386 755 1430 Italicus
794 1397 953 1428 nomen
989 1387 1032 1428 et
1058 1383 1239 1426 verbum
1269 1381 1457 1438 scripsit
1489 1381 1581 1422 elu-

120 1461 284 1510 cerent,
316 1457 496 1500 alteram
531 1457 572 1499 in
602 1457 808 1500 carminis
840 1455 977 1498 nostri
1012 1455 1134 1498 initio
1168 1452 1229 1511 (v.
1260 1452 1369 1508 1-8),
1400 1451 1581 1494 alteram

122 1530 164 1571 in
193 1529 276 1571 fine
305 1527 361 1585 (v.
389 1527 661 1583 1063-1070)
689 1527 955 1570 Franciscus
983 1525 1228 1569 Buecheler
1261 1523 1465 1579 princeps
1493 1520 1585 1563 ani-

124 1599 367 1642 madvertit.
415 1599 629 1641 Aemilius
661 1598 889 1640 Baehrens
918 1600 1093 1640 secutus
1129 1599 1194 1638 est
1228 1594 1317 1650 qui,
1342 1605 1441 1636 cum
1468 1604 1583 1634 anno

129 1671 232 1711 1881
258 1681 434 1712 carmen
457 1669 620 1721 ederet,
636 1680 796 1711 nomen
814 1666 1178 1719 Italici,veterum
1196 1663 1582 1717 recentiorumque

122 1752 256 1782 ausus
279 1739 481 1782 deserere
502 1739 702 1795 vestigia,
727 1738 872 1781 libello
893 1737 1133 1781 inscribere
1161 1748 1249 1779 non
1277 1732 1507 1778 dubitavit.

181 1810 295 1863 Quid
330 1810 385 1853 sit
419 1810 472 1853 de
506 1810 697 1863 nomine,
727 1809 793 1851 vir
831 1809 984 1852 doctus
1021 1807 1182 1864 optime
1216 1804 1458 1861 judicavit3
1497 1816 1582 1859 qua

120 1880 287 1924 ratione
325 1877 625 1939 παραττιχίδες
656 1879 810 1923 ambae
843 1879 1104 1932 efficiantur,
1134 1877 1279 1919 minus
1316 1879 1450 1919 recte.
1489 1873 1582 1917 Sci-

122 1953 222 1996 licet
242 1965 266 1994 a
287 1965 356 1995 me
377 1953 612 2008 impetrare
636 1952 755 1994 nullo
780 1954 905 2007 pacto
927 1949 1047 2005 potui
1069 1952 1131 2002 ut,
1155 1946 1428 1991 Baehrensio
1453 1945 1581 1998 duce,

127 2027 183 2067 {ft
199 2024 411 2079 primum
430 2036 471 2066 v.
500 2025 524 2065 7
546 2024 806 2079 reciperem,
832 2022 1051 2077 verbaque
1071 2022 1147 2064 Eoe
1173 2031 1277 2076 quo,
1304 2030 1434 2074 quae,
1461 2016 1585 2059 libris

123 2107 254 2136 manu
294 2094 468 2150 scriptis
506 2094 681 2149 tradita,
718 2093 953 2149 incipiente
992 2104 1122 2134 versu
1158 2090 1369 2146 legimus,
1405 2101 1428 2130 e
1465 2091 1582 2130 textu

123 2165 334 2217 eicerem;
360 2165 490 2207 nimis
514 2167 728 2221 repugnat
747 2177 901 2208 versus
923 2166 950 2206 6
972 2162 1234 2206 Homericae
1256 2160 1406 2204 Iliadis
1434 2172 1443 2202 ε

335 2271 369 2316 ἐξ
389 2275 428 2309 οὑ
448 2271 488 2319 δὴ
509 2271 551 2310 τὰ
571 2274 694 2324 πρῶτα
715 2270 901 2318 διαστήτην
921 2269 1093 2323 ἐρίσαντε.

182 2375 241 2419 At
266 2377 372 2420 mihi
400 2377 615 2421 laboranti
643 2381 685 2421 et
710 2378 800 2432 jam
835 2377 878 2419 in
911 2376 1077 2419 incerto
1111 2375 1374 2431 (perperam,
1407 2374 1455 2414 ut
1484 2383 1587 2414 mox

125 2446 307 2503 videbis)
329 2448 505 2491 habenti
527 2448 787 2492 Italicumne
808 2447 946 2500 illum,
966 2446 1152 2488 fortasse
1174 2445 1235 2487 nil
1253 2443 1338 2486 nisi
1362 2454 1522 2485 nomen
1545 2444 1585 2484 et

128 2517 344 2572 umbram,
378 2520 501 2575 sequi
535 2532 760 2576 pergerem
796 2532 851 2561 an
884 2518 1013 2560 aliam
1048 2517 1162 2559 viam
1196 2515 1454 2567 meditarer,
1485 2525 1587 2555 suc-

128 2590 263 2633 currit
283 2591 586 2634 acutissimum
608 2590 766 2634 Haveti
788 2589 1028 2645 ingenium.
1055 2586 1164 2631 Cum
1192 2586 1309 2629 enim
1338 2596 1516 2628 versum
1542 2586 1585 2637 7,

128 2659 182 2701 ab
215 2658 472 2705 Ermenrico
499 2661 544 2705 in
571 2661 757 2718 epistula
784 2661 838 2704 ad
867 2658 1139 2703 Grimoldum
1165 2670 1294 2714 quen]
1326 2656 1378 2699 ad
1408 2654 1584 2697 niodum
