1914 3094
756 279 906 309 ITALICI
938 277 1045 308 lLlAS
1075 277 1228 306 LATINA

263 361 384 405 Inter
411 372 521 416 quos
549 358 735 414 gemitus
757 357 918 399 laniato
947 366 1127 411 corpore
1147 354 1335 408 conjunx

206 423 208 425 ‚
263 436 468 481 Provolat
487 433 794 478 Andromache
816 431 1070 487 mediosque
1090 429 1323 472 immittere
1346 428 1390 470 in
1412 428 1533 482 ignes

264 513 320 557 Sc
342 512 460 568 cupit
478 512 744 567 Astyanacta
766 512 933 561 tenens,
955 520 1085 564 quam
1116 508 1283 549 maesta
1305 516 1483 547 suarum

1666 261 1715 301 85

263 588 407 633 Turba
428 587 560 643 rapit;
591 589 741 629 contra
765 588 932 628 tantum
955 587 1099 627 tamon
1127 582 1198 625 illa
1224 580 1404 633 resistit,
1603 581 1718 622 1060

263 666 415 710 Donec
435 664 651 720 collapsae
674 661 925 705 ceciderunt
942 660 1098 704 robora
1120 659 1320 702 flammae

263 742 400 798 Inque
422 742 538 784 leves
567 739 672 783 abiit
693 742 840 782 tantus
862 738 948 780 dux
974 737 1046 780 ille
1068 735 1253 780 favillas·

262 820 350 864 Sed
372 820 463 874 jam
483 819 588 861 siste
610 816 790 873 gradum
819 815 1036 871 finemque
1058 814 1232 870 impone
1258 812 1411 866 labori,

265 897 475 953 Calliope,
498 895 697 951 vatisque
724 893 785 937 tui
811 893 1039 936 moderare
1062 891 1273 944 carinam,

262 975 389 1020 Raris
412 986 541 1031 quam
570 971 714 1016 cernis
734 970 1021 1026 stringentem
1043 969 1169 1012 litora
1198 967 1350 1019 remis,
1606 967 1720 1008 1065

262 1055 444 1108 Iamque
464 1054 619 1095 tenens
641 1053 814 1106 portum
837 1051 1086 1104 metamque
1107 1046 1295 1103 potentis
1323 1044 1522 1097 Homeri,

263 1130 486 1174 Pieridum
510 1127 714 1171 comitata
736 1126 909 1179 cohors,
936 1124 1159 1168 summitto
1185 1123 1416 1174 rudentes;

262 1210 510 1263 Sanctaque
532 1204 895 1261 vi1²gineos21auro
915 1203 1115 1247 redimita
1137 1202 1334 1258 capillos,

261 1288 380 1342 Ipsa,
406 1288 501 1328 tuas
524 1284 692 1340 depone
709 1283 842 1339 lyras,
866 1283 987 1334 adeS‚
1013 1280 1160 1324 inclita
1182 1279 1348 1332 Pallas,

265 1366 414 1419 Tuque
435 1362 530 1405 save
558 1361 660 1414 vati,
687 1360 941 1415 cursujain,
972 1357 1168 1411 Phoebe,
1197 1358 1390 1413 peracto.
1607 1355 1722 1396 1070

266 1574 355 1608 *1057
379 1580 524 1618 pectore
553 1575 594 1608 (2.
624 1572 751 1617 111058
782 1572 934 1606 Aduolat
963 1571 1010 1605 Τ.
1035 1571 1052 1612 ΙΙ
1075 1569 1165 1604 4059
1191 1578 1295 1603 musa
1319 1569 1345 1601 S
1371 1570 1449 1601 uisa
1484 1567 1593 1601 IYC
1626 1567 1722 1599 iussa

358 1631 464 1662 celeri
485 1633 497 1673 Η
521 1637 669 1661 suarum
692 1627 721 1660 L
752 1635 900 1660 suorum
929 1625 1005 1667 fere
1026 1624 1146 1657 veteri.
1169 1625 1185 1666 ΙΙ
1215 1622 1307 1656 1060
1333 1620 1453 1655 Turba
1481 1622 1572 1663 rapit
1600 1622 1724 1653 contra

359 1687 498 1717 tantum
512 1686 630 1716 tamen
647 1691 763 1724 usque
777 1682 913 1715 resistit
927 1680 942 1713 1
956 1679 1074 1713 Turba
1093 1680 1183 1721 rapit
1198 1682 1320 1711 contra
1339 1681 1456 1710 tamen
1471 1686 1507 1709 u.
1520 1674 1725 1719 npleriqzw

357 1736 475 1770 Turba
497 1737 590 1778 rapit
616 1739 739 1769 contra
770 1735 881 1767 tristis
913 1738 1031 1766 tamen
1055 1742 1091 1766 u.
1113 1742 1141 1765 r.
1162 1732 1191 1765 C
1211 1731 1339 1764 Tristis
1361 1729 1465 1763 turba
1486 1730 1580 1771 rapit
1600 1731 1723 1761 contra

358 1793 476 1823 tamen
499 1799 534 1824 u.
554 1799 582 1822 r.
600 1789 632 1822 D
653 1788 772 1822 Turba
790 1789 882 1829 rapit
901 1790 1025 1820 contra
1042 1790 1159 1819 tamen
1178 1794 1294 1828 usque
1311 1784 1368 1817 illa
1390 1784 1528 1817 resistit
1548 1782 1582 1816 Τ
1603 1780 1725 1815 Turba

359 1845 451 1885 rapit
475 1844 588 1876 tristis
617 1846 702 1875 tunc
731 1840 902 1874 omnibus
935 1840 991 1873 illa
1029 1840 1168 1873 resistit
1197 1838 1231 1871 A
1258 1836 1377 1871 Turba
1408 1837 1502 1878 rapit
1527 1839 1725 1877 contraque

358 1901 475 1930 lainen
497 1906 532 1930 u.
545 1905 572 1929 r.
585 1895 625 1929 M
638 1895 685 1929 N.
700 1898 717 1938 ΙΙ
733 1893 822 1927 1062
838 1897 958 1927 tantus
970 1892 1058 1926 abiit
1070 1892 1118 1925 T.
1131 1890 1147 1931 ΙΙ
1164 1891 1253 1925 1063
1270 1890 1381 1924 labori
1395 1899 1438 1923 em
1451 1887 1720 1922 -riscorr.l⁴].

359 1950 376 1991 ΙΙ
397 1950 487 1984 1065
510 1950 625 1991 Quam
646 1948 678 1982 E
694 1949 729 1982 A
745 1948 779 1982 Τ
808 1948 920 1990 Quem
944 1946 1052 1979 reteri
1071 1946 1190 1979 cernis
1216 1946 1341 1987 paucis
1364 1945 1601 1984 stringentem
1621 1942 1723 1975 litora

359 2005 469 2038 remis
503 2012 637 2042 ornnes,
672 2002 745 2035 nisi
777 2000 873 2045 quod
906 2001 931 2033 S
965 1999 1068 2033 habet
1103 2009 1115 2033 :
1150 2000 1280 2032 Vltima
1318 1998 1509 2039 perpaucis
1539 1999 1603 2030 str.
1635 1996 1659 2028 l.
1692 2003 1720 2028 r.

359 2059 376 2100 ΙΙ
402 2057 493 2092 1066
540 2057 703 2099 Namque
740 2056 769 2089 L
787 2055 815 2088 F
831 2055 862 2088 G
877 2054 994 2087 Asc
1027 2054 1038 2095 ll
1080 2055 1176 2085 tenet
1209 2052 1238 2085 F
1253 2052 1285 2084 G
1300 2051 1331 2084 E
1358 2050 1425 2083 rmiz
1446 2050 1513 2083 St:
1539 2052 1639 2082 tenes
1673 2047 1720 2081 Τ.

360 2115 377 2156 ΙΙ
402 2110 492 2145 1067
514 2111 645 2144 choros
667 2109 695 2143 l.
720 2110 737 2151 ΙΙ
762 2107 852 2141 1068
877 2109 907 2140 ct
935 2106 1025 2140 1069
1047 2108 1083 2139 in
1106 2106 1140 2139 Τ
1163 2105 1277 2138 locum
1303 2103 1401 2137 inter
1421 2112 1456 2135 sc
1478 2102 1721 2135 militaverunt.

360 2165 377 2205 ΙΙ
400 2164 490 2199 1069
513 2165 597 2197 liras
627 2162 768 2204 depone
802 2165 881 2194 tuas
908 2160 958 2195 l).
988 2164 1005 2205 ΙΙ
1029 2159 1119 2193 1070
1140 2158 1190 2192 sic
1215 2158 1251 2191 A
1276 2166 1386 2191 cursu
1412 2157 1504 2189 uatis
1533 2153 1648 2199 (uates
1680 2152 1722 2198 L)

361 2219 481 2253 aeteri.
502 2218 518 2259 11
544 2216 692 2258 Explicit
716 2214 806 2248 liber
828 2215 973 2247 Homeri
994 2212 1160 2257 plerique
1188 2210 1366 2245 Carminis
1396 2211 1564 2243 nomeras
1590 2211 1722 2242 metam

360 2272 510 2315 deponit
530 2274 682 2305 ouanter
706 2268 739 2302 E
760 2265 847 2303 2122.
866 2286 912 2292 —-
933 2266 988 2309 Cf.
1008 2276 1048 2310 p.
1072 2264 1187 2299 XLIV
1203 2266 1235 2298 et
1254 2263 1360 2299 XLV.

305 2390 386 2422 1059
405 2390 523 2420 maesta
542 2387 659 2418 Kooten
682 2385 714 2417 in
733 2386 812 2423 not„
835 2368 988 2416 Ra'ehrens
1008 2383 1065 2415 fida
1086 2383 1203 2414 Romen
1222 2382 1254 2413 in
1273 2382 1337 2412 not.
1356 2380 1445 2421 jussa
1465 2378 1572 2420 vulqo.

306 2438 385 2468 1060
422 2436 474 2468 Sic
506 2436 624 2467 Koolen
653 2434 684 2465 in
708 2434 773 2464 not.
804 2433 904 2464 Turba
942 2431 1021 2473 rapit
1055 2431 1221 2466 comitum3
1254 2430 1358 2461 contra
1390 2430 1495 2459 tamen
1530 2434 1630 2467 usque
1661 2433 1721 2457 res.

254 2485 423 2516 'Baehrens
440 2482 550 2515 Tristis
575 2482 664 2513 turba
683 2480 781 2520 rapit;
807 2482 911 2511 contra
930 2482 1032 2510 tamen
1048 2488 1117 2518 usq.
1138 2487 1162 2508 r.
1183 2477 1288 2517 vulgo.

307 2533 386 2563 1065
408 2532 505 2569 Quem
534 2529 635 2561 cernis
656 2528 761 2569 paucis
785 2527 989 2565 stringentem
1020 2526 1106 2557 litora
1134 2525 1227 2556 remis
1256 2524 1349 2563 rulqo
1374 2522 1477 2554 Remis
1507 2530 1598 2563 quam
1622 2520 1724 2554 cernis

266 2582 322 2611 sir.
343 2579 362 2610 l.
384 2578 489 2619 paucis
510 2578 676 2609 Baehrens.
699 2595 737 2598 —
754 2575 841 2607 Raris
861 2575 958 2606 llacet
979 2573 1017 2613 cf.
1038 2584 1071 2614 p.
1099 2573 1137 2605 VI
1157 2573 1277 2614 Raptim
1299 2571 1496 2612 conjeceram.

310 2626 389 2657 1067
414 2625 564 2657 Pieridem
588 2625 743 2655 Baehrens
760 2641 798 2644 —
819 2623 929 2654 choros
952 2622 1067 2653 Kooten
1085 2621 1115 2652 in
1136 2621 1198 2652 not.

311 2674 391 2704 1069
412 2673 495 2713 Ipsa]
524 2673 604 2703 llusa
631 2671 808 2710 Weytinylz,
830 2669 968 2701 Mueller.

316 2721 394 2752 1070
412 2720 460 2752 Ita
478 2719 593 2759 scripsi
611 2728 647 2750 er
673 2718 822 2750 l'ossiano
842 2717 924 2757 cod„
945 2716 985 2757 cs.
1004 2716 1121 2748 Kooten
1139 2716 1173 2747 in
1192 2717 1254 2747 not.
1278 2733 1316 2737 —
1333 2723 1425 2746 cursu
1445 2714 1523 2746 vatis
1542 2713 1651 2754 vulqo.
