1914 3094
869 889 926 944 X

152 1113 346 1160 Ulterius
367 1112 574 1155 tenebrae
595 1110 717 1154 tarde
739 1107 984 1151 labentibus
1006 1105 1136 1149 astris
1165 1102 1283 1161 [696]

152 1190 449 1245 Restabatque
472 1200 604 1244 super
626 1186 782 1230 tacitae
805 1197 906 1241 pars
929 1183 1056 1227 tertia
1084 1181 1240 1233 noctis,

152 1265 262 1310 Cum
289 1265 489 1308 Danaum
514 1264 641 1319 Jussu
669 1262 825 1305 castris
846 1260 1044 1303 Aetolius
1066 1259 1197 1301 heros

151 1342 386 1399 Egreditur
407 1341 662 1396 sociumque
685 1339 767 1382 sibi
789 1338 946 1393 delegit
967 1336 1158 1388 Ulixem,

153 1419 237 1472 Qui
260 1431 410 1462 secum
430 1418 588 1460 tacitae
617 1415 827 1458 sublustri
848 1413 988 1457 noctis
1016 1413 1060 1456 in
1081 1410 1238 1455 umbra
1529 1411 1614 1453 700

153 1495 383 1538 Scrutetur
404 1494 565 1547 studio,
590 1505 701 1549 quae
724 1492 780 1534 sit
803 1490 961 1534 fiducia
982 1489 1145 1532 Troum

153 1571 321 1623 Quidve
344 1570 507 1626 agitent
526 1571 766 1625 quantasve
787 1568 941 1624 parent
959 1566 1004 1608 in
1031 1564 1196 1621 proelia
1216 1564 1347 1607 vires.

153 1647 356 1702 Dumque
375 1646 457 1689 iter
478 1644 744 1688 horrendum
763 1644 858 1686 loca
879 1655 956 1699 per
976 1654 1063 1684 non
1084 1644 1176 1684 tuta
1196 1643 1404 1696 paventes

152 1722 415 1779 Carpebant,
440 1722 559 1764 venit
579 1733 682 1764 ecce
700 1720 858 1771 Dolon,
883 1731 1012 1775 quem
1033 1717 1162 1761 Troia
1180 1717 1318 1773 pubes

152 1799 348 1852 Miserat,
375 1802 420 1841 ut
440 1798 641 1841 Danaum
665 1796 831 1840 sollerti
853 1800 1028 1852 pectore
1049 1794 1164 1837 vires

151 1876 430 1933 Perspiceret
452 1887 698 1931 sensusque
719 1874 880 1917 ducum
903 1872 1131 1929 plebisque
1158 1870 1357 1914 referret.

1528 1794 1553 1835 xl

1557 1792 1612 1836 Ξ

153 2065 341 2102 Codices
363 2085 401 2090 -
415 2066 493 2100 Lib.
506 2066 537 2100 X
550 2066 583 2099 E
601 2065 675 2099 Lib.
693 2065 739 2099 lX
754 2064 783 2098 F
797 2065 829 2098 V
843 2064 872 2097 B
887 2064 987 2097 omis.
999 2064 1064 2096 cet.
1077 2062 1093 2102 ΙΙ
1111 2061 1179 2095 696
1194 2062 1349 2095 Alterius
1364 2060 1401 2094 Y
1412 2060 1437 2094 S
1451 2060 1481 2093 B
1492 2059 1525 2093 E
1548 2070 1579 2093 m
1591 2057 1614 2091 2

246 2117 429 2163 tenebrae]
457 2120 572 2153 noctis
600 2118 631 2152 E
658 2118 722 2152 ΜΞ)
745 2120 757 2160 Η
790 2117 902 2151 tardis
930 2114 1176 2150 ELBVYS
1199 2112 1295 2159 (F?).
1317 2111 1334 2151 ΙΙ
1364 2112 1432 2147 698
1461 2113 1553 2146 Tum
1580 2112 1615 2146 Y

246 2178 256 2216 ,Ὺ
278 2172 367 2207 Cum
385 2174 487 2206 iussu
502 2172 659 2206 danaum
675 2171 712 2205 S.
729 2170 745 2209 ΙΙ
762 2170 842 2204 699.
857 2169 1076 2212 Aggreditur
1089 2168 1134 2201 E.
1154 2164 1171 2204 ll
1189 2167 1258 2201 700
1278 2166 1463 2200 sublustre
1481 2166 1510 2199 L
1532 2164 1615 2199 sub-

246 2227 357 2272 lustre
378 2226 410 2259 E
427 2225 623 2259 sublustris
639 2225 681 2259 B.
706 2223 723 2263 ΙΙ
739 2223 807 2257 70⁶2
829 2222 923 2266 Quid
938 2222 993 2256 uel
1009 2224 1121 2264 agunt
1146 2221 1181 2254 Y
1200 2219 1211 2259 Η
1235 2224 1438 2263 quantasue
1459 2218 1615 2253 habeant

244 2279 275 2312 E
308 2282 537 2321 quantasque
572 2281 700 2320 parant
727 2277 767 2311 S.
797 2274 814 2314 ΙΙ
845 2276 913 2310 703
940 2276 1103 2318 Cumque
1129 2274 1206 2307 EL
1234 2278 1244 2316 ξ’
1279 2283 1348 2306 non
1378 2271 1466 2316 tuta]
1496 2275 1613 2306 notata

243 2332 274 2366 E
290 2332 319 2365 F
334 2332 466 2366 BMN
487 2335 628 2365 noctata
651 2331 680 2364 L
702 2334 877 2364 nocturna
905 2330 937 2363 E
953 2328 1019 2363 m⁹2
1041 2329 1075 2361 A
1091 2328 1165 2361 YS
1182 2328 1211 2360 B
1233 2332 1315 2361 nota
1339 2327 1371 2360 V
1399 2329 1538 2360 secreta
1559 2325 1608 2359 G.

245 2384 262 2425 ΙΙ
283 2384 351 2419 705
379 2385 530 2419 solerter
556 2385 598 2417 L.
623 2382 639 2423 ΙΙ
662 2384 729 2418 706
761 2384 987 2425 Prospiceret
1012 2381 1149 2415 MNA
1176 2380 1410 2421 Conspiceret
1439 2379 1475 2413 Y
1508 2379 1614 2420 Aspi-

242 2441 338 2472 ceret
358 2438 389 2472 B
412 2436 459 2483 (et
485 2438 510 2472 S
531 2437 594 2482 qui
619 2435 714 2471 hunc
735 2445 874 2471 versum
899 2435 1115 2480 supraponit
1140 2436 1224 2478 post
1248 2431 1352 2477 702).

192 2553 250 2584 696
268 2552 370 2585 Altera
386 2552 555 2584 transierat
579 2552 773 2592 lt‘ernsaelors.

192 2600 249 2630 697
272 2608 365 2640 super
390 2599 509 2640 tacitae]
531 2599 634 2631 malim
655 2600 857 2640 soporiferae.

191 2648 250 2678 700
272 2650 355 2680 tutae
376 2647 542 2679 Baehrens.

193 2696 251 2726 703
272 2704 332 2728 uon
354 2698 418 2727 tuta
440 2705 494 2736 eqo
515 2705 576 2728 non
602 2699 673 2728 nota
705 2696 860 2727 Baehrens
882 2697 1027 2727 montana
1054 2694 1149 2725 veter.
1168 2693 1241 2725 edic.
1265 2694 1380 2724 secreta
1413 2689 1624 2730 Wernsdorf

154 2745 303 2775 nocturna
324 2743 441 2774 Kooten
464 2743 496 2774 in
515 2744 592 2781 nou„
616 2742 757 2774 Mueller.
