1914 3094
269 220 379 247 xxvm
802 224 851 252 DE
883 224 1020 254 ILIADE
1050 224 1199 253 LATINA

330 297 483 340 Restat
511 302 556 341 ut
588 299 640 341 de
675 299 794 343 Attio
825 301 1029 345 Labeone
1065 315 1203 357 pauca
1236 302 1521 346 disseramus.
1552 304 1725 348 Etenim

270 368 383 423 apud
405 368 626 422 Persium,
657 370 787 413 Satir.
813 371 849 425 Ι,
876 375 918 427 Δ,
947 373 1103 428 legitur
1125 386 1133 415 :

505 507 560 545 Ne
582 507 673 545 mihi
695 507 918 559 Polydamas
939 514 975 549 et
999 510 1177 551 Troiades
1200 511 1413 553 Labeonem

506 565 791 606 Praetulerim?

329 689 377 732 In
401 691 552 733 eadem
575 692 724 746 satira,
747 705 787 734 v.
812 695 866 735 50
893 707 900 735 :

880 838 955 865 non
978 825 1037 865 hie
1058 831 1111 866 est
1132 826 1219 866 Ilias
1237 827 1314 867 Atti

561 883 675 923 Ebria
696 886 870 924 veratro?

328 1014 461 1057 Plura
485 1018 629 1058 autem
652 1028 731 1059 1105
755 1016 881 1059 docet
909 1022 1031 1059 vetus
1055 1017 1194 1059 Persii
1214 1017 1430 1073 interpres
1452 1020 1524 1075 qui
1548 1020 1601 1062 ad
1628 1033 1727 1063 ver-

270 1098 365 1127 sum
389 1088 414 1132 [1
443 1086 550 1128 haec
577 1087 812 1130 adnotabat
843 1101 851 1130 :
885 1105 903 1126 (ι
930 1088 1077 1131 Labeo
1106 1089 1326 1131 transtulit
1354 1088 1490 1132 Iliada
1519 1095 1561 1133 et
1589 1090 1727 1146 Odys-

270 1168 387 1198 seam
420 1157 602 1199 verbum
632 1171 682 1200 ex
708 1158 863 1211 verbo,
897 1159 1077 1201 ridicule
1112 1159 1242 1211 saus,
1275 1160 1388 1213 quod
1415 1161 1546 1203 verba
1582 1163 1726 1217 potius

269 1239 397 1282 quam
429 1241 607 1270 sensum
640 1233 815 1281 secutus
849 1230 918 1272 sit.
946 1247 966 1268 »
993 1230 1092 1272 Mox
1124 1232 1177 1273 ad
1207 1244 1381 1274 versum
1409 1234 1462 1274 50
1489 1246 1497 1275 :
1531 1249 1551 1270 «
1580 1232 1726 1275 Attius

268 1297 414 1340 Labeo
442 1302 568 1353 poeta
595 1299 796 1342 indoctus
826 1300 905 1342 suit
941 1301 1114 1343 illorum
1149 1306 1392 1358 temporum
1429 1303 1501 1358 qui
1544 1303 1723 1345 Iliadem

268 1367 449 1410 Homeri
472 1369 671 1412 versibus
697 1370 950 1413 foedissime
970 1373 1215 1427 composuit
1238 1374 1295 1416 ita
1317 1378 1363 1415 ut
1384 1386 1465 1415 uec
1486 1374 1578 1429 ipse
1600 1381 1725 1429 poeta

269 1439 555 1482 intellexisset
587 1440 672 1482 nisi
706 1440 929 1483 helleboro
963 1447 1238 1497 purgaretur.
1270 1461 1290 1482 »
1327 1443 1527 1499 Denique
1559 1445 1602 1486 111
1634 1446 1726 1500 epi-

271 1509 398 1561 stula,
423 1509 545 1552 Eliae
579 1510 726 1554 Vineti
759 1512 810 1553 ad
844 1511 896 1554 P.
931 1512 1160 1555 Danielem
1194 1514 1312 1567 data,
1348 1514 1457 1557 haee
1488 1515 1722 1569 leguntur:

273 1597 293 1618 «
316 1579 462 1623 Labeo
484 1584 610 1635 poeta
638 1581 798 1624 latinus
826 1582 920 1635 suit,
948 1586 993 1625 ut
1020 1582 1278 1638 Fulgentius
1307 1585 1350 1626 111
1382 1585 1491 1627 libro
1520 1587 1727 1640 etymolo-

270 1651 436 1706 giarum
483 1652 558 1705 ait,
603 1653 675 1707 qui
723 1666 899 1695 carmen
938 1658 979 1696 et
1028 1667 1136 1709 opus
1183 1655 1467 1697 Homericum
1509 1657 1634 1698 vertit
1683 1657 1724 1698 111

270 1721 448 1763 latinum
473 1726 514 1764 et
538 1722 699 1777 placuit
729 1735 815 1765 11011
844 1723 982 1778 magis
1012 1724 1282 1767 auditoribus
1316 1738 1443 1780 quam
1472 1726 1722 1769 lectoribus.

269 1791 375 1846 Ejus
406 1805 558 1834 versus
581 1796 646 1836 est
669 1805 678 1835 :

403 1920 573 1961 Crudum
595 1921 799 1962 manduces
819 1923 1013 1963 Priamum
1035 1924 1254 1977 Priamique
1273 1924 1453 1976 pisinnos.
1478 1942 1497 1962 »

329 2057 596 2110 Quantulum
623 2059 720 2101 fidei
742 2058 973 2114 Fulgentio
996 2060 1273 2103 tribuendum
1303 2061 1373 2114 sit,
1403 2074 1529 2103 1101110
1563 2066 1629 2104 est
1653 2064 1725 2118 qui

270 2130 450 2172 nesciat.
470 2129 686 2173 waltheri
707 2134 851 2173 tamen
874 2131 914 2172 in
943 2132 1200 2173 sententiam
1226 2132 1365 2174 libens
1390 2133 1534 2184 renio,
1561 2133 1724 2176 scilicet

270 2213 366 2242 cum
396 2201 513 2242 nulla
546 2201 600 2243 sit
628 2214 759 2243 causa
795 2214 872 2244 cur
905 2201 1182 2257 Fulgentium
1211 2203 1282 2245 hie
1309 2204 1543 2245 commenti
1574 2217 1727 2259 argua-

268 2284 382 2324 mus,
416 2284 557 2326 neque
594 2271 833 2314 habeamus
868 2272 1001 2314 ullum
1046 2273 1136 2314 veri
1178 2274 1335 2315 similia
1376 2274 1589 2316 coiciendi
1626 2275 1726 2317 fun—

268 2341 537 2394 damentum,
558 2342 694 2384 satius
718 2356 814 2385 esse
832 2343 1057 2398 interpreti
1079 2344 1255 2399 antiquo
1278 2345 1458 2387 credere
1483 2358 1611 2399 quam
1635 2346 1726 2388 ina—

268 2413 339 2455 nia
361 2413 413 2455 de
435 2412 638 2456 Labeone
660 2414 838 2469 tingere.
865 2414 995 2457 Hunc
1016 2414 1145 2470 igitur
1165 2427 1340 2457 versum
1356 2415 1588 2459 ridiculum
1611 2418 1726 2459 malo

267 2486 420 2539 poetae
442 2496 529 2526 non
557 2485 837 2527 detrahemus
862 2497 871 2527 :

400 2622 571 2663 Crudum
594 2623 797 2664 manduces
816 2624 1010 2665 Priamum
1032 2625 1250 2679 Priamique
1270 2626 1453 2679 pisinnos‚
