1914 3094
219 226 271 251 ΧΠ
752 223 802 251 DE
833 223 969 252 ILIADE
999 223 1147 252 LATINA

223 301 294 343 ubi
320 301 462 343 rimer
485 301 761 353 marilz'mas,
785 301 1006 355 scaligero
1028 304 1221 353 auctore,
1251 313 1275 342 a
1298 301 1537 343 Ribbeck-io
1560 315 1678 346 rece·

223 376 343 427 ptum
386 375 478 423 est;
518 371 739 414 Lucianus
780 375 923 415 autem
971 372 1155 415 Mueller
1194 373 1334 415 re'mer
1375 374 1570 429 opse'mas
1610 376 1677 418 vel

224 444 384 486 rjmem
407 443 689 499 apte'.s‘.5·2'ma.s¹‚
716 443 863 485 nescio
885 455 938 484 au
962 443 1134 495 melius,
1160 443 1361 497 conjecit.

281 514 450 556 Exinde
476 514 655 555 verbum
682 514 852 556 rimare
877 515 992 569 quod
1020 515 1272 569 ceteroquin
1296 515 1408 556 inter
1429 515 1560 557 latina
1584 515 1679 558 Pri-

224 584 403 626 scianus
426 583 687 626 recensebat
704 588 731 636 ¹,
759 584 870 638 apud
894 584 1105 638 quosdam
1129 585 1290 627 saeculi
1314 585 1453 639 quarti
1479 589 1517 627 et
1542 586 1678 640 quinti

224 654 460 709 scriptores
490 667 643 696 rursus
671 657 826 706 exstat,
853 667 949 696 cuin
969 655 1057 708 jam
1083 655 1271 697 deterior
1299 660 1415 698 esset
1437 656 1676 698 litterarum

225 737 505 766 romanarum
531 724 729 766 condicio
760 737 768 766 :
800 737 899 766 nam
928 724 1070 767 Julius
1098 725 1301 768 'Valerius
1324 727 1553 769 rimaham
1577 727 1681 769 scri-

225 795 325 850 psit,
352 807 433 837 nec
459 808 545 837 non
568 794 778 837 Sidonius
797 794 1064 850 Apollinaris
1093 795 1135 836 in
1167 796 1338 851 septimi
1369 797 1465 838 libri
1496 797 1678 852 epistula

225 865 418 908 secunda
442 867 455 888 ²
474 865 657 908 rimulis
687 865 915 921 participio
938 865 994 908 ita
1019 878 1123 908 usus
1145 868 1211 908 est
1232 870 1277 908 ut
1298 867 1470 923 passive
1500 868 1540 909 id
1572 868 1682 910 acci-

225 935 432 990 piendum
456 935 525 977 sit.

282 1005 340 1048 At
360 1018 478 1058 vero7
499 1006 533 1047 si
551 1005 882 1048 Lachmannum
907 1006 1057 1049 audire
1078 1007 1279 1049 volumus
1295 1012 1325 1060 ³,
1345 1012 1469 1063 poeta
1486 1008 1680 1050 melioris

225 1076 380 1119 aetatis
409 1089 521 1118 unus
545 1076 720 1131 quidem
750 1077 968 1118 invonitur
995 1077 1066 1132 qui
1094 1078 1258 1120 formae
1291 1079 1485 1131 ejusdem
1515 1078 1682 1121 submi-

225 1147 381 1189 nistret
408 1147 654 1202 exemplum
679 1160 687 1189 :
722 1147 888 1189 scilicet
915 1148 1029 1202 apud
1057 1148 1308 1190 Phaedrum
1330 1149 1372 1190 in
1400 1149 1483 1202 ΙΙΙ,
1512 1152 1524 1191 l
1539 1156 1579 1202 t),
1608 1152 1679 1202 ΔΘ,

223 1230 367 1272 neque
391 1230 490 1260 euni
511 1217 741 1259 Dresslero
766 1218 972 1261 liniasset
999 1218 1296 1271 scribendum,
1322 1232 1461 1274 neque
1483 1220 1682 1275 Bentlejo

227 1291 402 1330 auctore
441 1288 661 1342 rinmlzcs,
699 1288 774 1330 sed
821 1289 1036 1331 rimasset
1080 1289 1354 1344 potissimum
1402 1290 1682 1333 doctissimus

226 1359 291 1400 vir
327 1358 564 1401 contendit.
598 1357 955 1412 Lachmannum,
991 1360 1183 1414 inquies,
1220 1360 1325 1401 milii
1354 1361 1558 1415 praebes,
1596 1375 1681 1404 non

226 1429 493 1471 Phaedrum.
530 1429 629 1471 Non
663 1441 741 1484 ego
775 1429 935 1471 infitior
968 1442 977 1471 ε
1014 1429 1094 1471 etsi
1132 1429 1466 1472 Laclnnannum
1502 1432 1685 1474 feliciter

226 1500 309 1541 hoe
339 1500 642 1542 emendavisso
673 1512 771 1542 cum
806 1499 1000 1542 Luciano
1032 1499 1217 1543 Mueller
1244 1513 1350 1556 pace
1379 1505 1451 1544 tua
1480 1502 1681 1544 arbitror.

226 1570 417 1614 Phaedri
459 1574 603 1612 tamen
643 1570 965 1624 auctoritatem,
1015 1571 1173 1626 quippe
1214 1571 1257 1613 in
1297 1584 1343 1614 re
1383 1572 1611 1626 incertam,
1649 1573 1684 1614 si

227 1642 384 1697 placet,
420 1643 534 1684 reice
567 1655 574 1683 :
606 1654 692 1684 non
726 1642 826 1684 inde
857 1654 1036 1697 prorsus
1070 1643 1266 1697 sequitur
1294 1648 1339 1685 ut
1370 1655 1391 1684 a
1417 1644 1555 1699 primo
1590 1647 1684 1699 post

229 1712 331 1755 Chr.
351 1726 394 1755 n.
414 1713 589 1755 saeculo
609 1712 759 1754 Iliadis
779 1713 1026 1768 Epitomam
1046 1726 1124 1755 nos
1147 1713 1398 1768 abjudicare
1421 1715 1563 1757 liceat.
1587 1715 1684 1758 Non

231 1783 334 1826 tanti
358 1787 423 1826 est
447 1783 626 1825 verbum
659 1783 834 1825 unicum
869 1796 953 1839 quo
980 1788 1223 1839 praeterea,
1250 1788 1295 1827 ut
1323 1798 1454 1841 supra
1475 1786 1680 1838 vidimus,

230 1854 297 1896 usi
328 1858 430 1896 sunt
462 1854 679 1910 quondam
724 1855 960 1909 scriptores
994 1855 1109 1897 haud
1149 1855 1379 1909 ignobiles.
1418 1855 1560 1908 Quid‘?
1587 1870 1684 1899 cum

230 1925 411 1967 Homeri
435 1925 628 1967 earmina
651 1938 674 1967 a
697 1925 848 1980 primis
878 1926 938 1967 rei
968 1926 1166 1981 publicae
1194 1927 1464 1982 temporibus
1487 1928 1685 1982 legeren-

230 1999 315 2048 tur,
346 1998 652 2048 tractarentur⁷
684 1996 816 2038 latine
848 1996 1150 2048 redderentur,
1183 2010 1260 2039 cur
1293 2010 1378 2039 non
1413 2010 1608 2052 versum,
1633 1998 1686 2040 ab

231 2065 375 2120 aliquo
396 2070 541 2107 vetere
566 2069 691 2120 poeta
715 2065 864 2107 Iliadis
888 2065 1123 2121 interprete
1149 2067 1461 2122 conscriptum,
1488 2067 1682 2121 Italicus,

232 2135 267 2177 si
290 2148 375 2177 non
398 2148 449 2177 ex
470 2138 573 2187 toto,
597 2136 751 2178 saltem
771 2148 822 2178 ex
843 2140 964 2190 parte
986 2136 1030 2177 in
1059 2149 1184 2179 usum
1210 2150 1334 2179 suum
1359 2137 1440 2179 boc
1465 2138 1558 2179 loco
1581 2151 1685 2181 con-

230 2207 460 2249 vertisset?
486 2206 700 2262 Equidem
730 2219 779 2248 eo
815 2207 1116 2249 vehementius
1153 2208 1352 2262 suspicor
1381 2208 1580 2251 Italicum
1616 2208 1686 2252 hic

232 2277 284 2319 ab
306 2278 550 2332 antiquiore
576 2278 812 2332 interprete
833 2277 1016 2319 verbum
1035 2278 1272 2321 rimabam‘
1293 2279 1532 2321 adscixisse
1551 2280 1682 2335 quod,

232 2348 378 2402 lingua
400 2348 534 2390 latina
556 2348 646 2403 jam
682 2350 774 2390 tum
795 2361 818 2390 a
850 2348 1032 2404 pristino
1067 2348 1206 2391 nitore
1235 2349 1411 2404 paulum
1435 2350 1682 2402 recedente,

232 2419 375 2473 prisca
408 2418 528 2461 verbi
563 2419 734 2461 rimare
769 2419 954 2474 species,
987 2418 1040 2460 ab
1074 2431 1204 2461 aurea
1239 2422 1394 2473 aetate,
1421 2424 1466 2462 ut
1498 2421 1683 2473 ridetur,

275 2552 303 2582 1.
323 2552 520 2589 Pmscnxus,
544 2553 645 2591 Hertz,
668 2551 731 2584 vol.
754 2554 779 2589 Ι,
801 2562 832 2593 p.
856 2553 927 2591 396,
949 2553 1000 2583 20.

276 2599 305 2628 2.
329 2599 547 2639 llaeeepistula
559 2599 691 2640 septima
706 2602 751 2631 est
764 2600 832 2630 libri
849 2600 975 2631 secundi
992 2600 1021 2630 in
1036 2599 1168 2640 Eugenii
1183 2601 1271 2632 Daret
1286 2600 1584 2641 editionffirauisiis,
1597 2603 1686 2633 1870.

277 2648 306 2677 3.
328 2646 363 2678 In
384 2648 559 2679 Lucretium
576 2648 824 2687 commentmz‘us,
847 2649 903 2686 ΙΙΙ,
927 2649 975 2679 11.
